%YAML 1.1
%TAG !u! tag:unity3d.com,2011:
--- !u!1 &8456783447969023852
GameObject:
  m_ObjectHideFlags: 0
  m_CorrespondingSourceObject: {fileID: 0}
  m_PrefabInstance: {fileID: 0}
  m_PrefabAsset: {fileID: 0}
  serializedVersion: 6
  m_Component:
  - component: {fileID: 9085826507865628118}
  - component: {fileID: 5312150262036009587}
  - component: {fileID: 7952367163907991225}
  m_Layer: 0
  m_Name: Fruit
  m_TagString: Untagged
  m_Icon: {fileID: 0}
  m_NavMeshLayer: 0
  m_StaticEditorFlags: 0
  m_IsActive: 1
--- !u!4 &9085826507865628118
Transform:
  m_ObjectHideFlags: 0
  m_CorrespondingSourceObject: {fileID: 0}
  m_PrefabInstance: {fileID: 0}
  m_PrefabAsset: {fileID: 0}
  m_GameObject: {fileID: 8456783447969023852}
  m_LocalRotation: {x: 0.000000021855694, y: -0, z: -0, w: 1}
  m_LocalPosition: {x: 0, y: 0, z: 0}
  m_LocalScale: {x: 0.8, y: 0.8, z: 0.8}
  m_Children:
  - {fileID: 238275148053125439}
  - {fileID: 3622753767680588517}
  - {fileID: 6243641897719380163}
  m_Father: {fileID: 0}
  m_RootOrder: 0
  m_LocalEulerAnglesHint: {x: 0, y: 0, z: 0}
--- !u!33 &5312150262036009587
MeshFilter:
  m_ObjectHideFlags: 0
  m_CorrespondingSourceObject: {fileID: 0}
  m_PrefabInstance: {fileID: 0}
  m_PrefabAsset: {fileID: 0}
  m_GameObject: {fileID: 8456783447969023852}
  m_Mesh: {fileID: -1692108017345405815, guid: 607f356fc5615174691b97317b4844be, type: 3}
--- !u!23 &7952367163907991225
MeshRenderer:
  m_ObjectHideFlags: 0
  m_CorrespondingSourceObject: {fileID: 0}
  m_PrefabInstance: {fileID: 0}
  m_PrefabAsset: {fileID: 0}
  m_GameObject: {fileID: 8456783447969023852}
  m_Enabled: 1
  m_CastShadows: 1
  m_ReceiveShadows: 1
  m_DynamicOccludee: 1
  m_MotionVectors: 1
  m_LightProbeUsage: 1
  m_ReflectionProbeUsage: 1
  m_RayTracingMode: 2
  m_RenderingLayerMask: 1
  m_RendererPriority: 0
  m_Materials:
  - {fileID: 2100000, guid: 5f80de3ad12f083499f84155fd23a011, type: 2}
  m_StaticBatchInfo:
    firstSubMesh: 0
    subMeshCount: 0
  m_StaticBatchRoot: {fileID: 0}
  m_ProbeAnchor: {fileID: 0}
  m_LightProbeVolumeOverride: {fileID: 0}
  m_ScaleInLightmap: 1
  m_ReceiveGI: 1
  m_PreserveUVs: 0
  m_IgnoreNormalsForChartDetection: 0
  m_ImportantGI: 0
  m_StitchLightmapSeams: 1
  m_SelectedEditorRenderState: 3
  m_MinimumChartSize: 4
  m_AutoUVMaxDistance: 0.5
  m_AutoUVMaxAngle: 89
  m_LightmapParameters: {fileID: 0}
  m_SortingLayerID: 0
  m_SortingLayer: 0
  m_SortingOrder: 0
--- !u!1001 &28675087689046150
PrefabInstance:
  m_ObjectHideFlags: 0
  serializedVersion: 2
  m_Modification:
    m_TransformParent: {fileID: 9085826507865628118}
    m_Modifications:
    - target: {fileID: 2537055530604712414, guid: 64bac316b5467084ba5f1c70ea1f1010,
        type: 3}
      propertyPath: m_Name
      value: Feuille1
      objectReference: {fileID: 0}
    - target: {fileID: 3612806696731468387, guid: 64bac316b5467084ba5f1c70ea1f1010,
        type: 3}
      propertyPath: m_LocalPosition.x
      value: 0.05658245
      objectReference: {fileID: 0}
    - target: {fileID: 3612806696731468387, guid: 64bac316b5467084ba5f1c70ea1f1010,
        type: 3}
      propertyPath: m_LocalPosition.y
      value: 0.2259
      objectReference: {fileID: 0}
    - target: {fileID: 3612806696731468387, guid: 64bac316b5467084ba5f1c70ea1f1010,
        type: 3}
      propertyPath: m_LocalPosition.z
      value: -0.021844873
      objectReference: {fileID: 0}
    - target: {fileID: 3612806696731468387, guid: 64bac316b5467084ba5f1c70ea1f1010,
        type: 3}
      propertyPath: m_LocalRotation.x
      value: 0.2533149
      objectReference: {fileID: 0}
    - target: {fileID: 3612806696731468387, guid: 64bac316b5467084ba5f1c70ea1f1010,
        type: 3}
      propertyPath: m_LocalRotation.y
      value: 0.11704972
      objectReference: {fileID: 0}
    - target: {fileID: 3612806696731468387, guid: 64bac316b5467084ba5f1c70ea1f1010,
        type: 3}
      propertyPath: m_LocalRotation.z
      value: 0.4027952
      objectReference: {fileID: 0}
    - target: {fileID: 3612806696731468387, guid: 64bac316b5467084ba5f1c70ea1f1010,
        type: 3}
      propertyPath: m_LocalRotation.w
      value: 0.871715
      objectReference: {fileID: 0}
    - target: {fileID: 3612806696731468387, guid: 64bac316b5467084ba5f1c70ea1f1010,
        type: 3}
      propertyPath: m_RootOrder
      value: 1
      objectReference: {fileID: 0}
    - target: {fileID: 3612806696731468387, guid: 64bac316b5467084ba5f1c70ea1f1010,
        type: 3}
      propertyPath: m_LocalEulerAnglesHint.x
      value: 20.325
      objectReference: {fileID: 0}
    - target: {fileID: 3612806696731468387, guid: 64bac316b5467084ba5f1c70ea1f1010,
        type: 3}
      propertyPath: m_LocalEulerAnglesHint.y
      value: 25.800001
      objectReference: {fileID: 0}
    - target: {fileID: 3612806696731468387, guid: 64bac316b5467084ba5f1c70ea1f1010,
        type: 3}
      propertyPath: m_LocalEulerAnglesHint.z
      value: 54.303
      objectReference: {fileID: 0}
    m_RemovedComponents: []
  m_SourcePrefab: {fileID: 100100000, guid: 64bac316b5467084ba5f1c70ea1f1010, type: 3}
--- !u!4 &3622753767680588517 stripped
Transform:
  m_CorrespondingSourceObject: {fileID: 3612806696731468387, guid: 64bac316b5467084ba5f1c70ea1f1010,
    type: 3}
  m_PrefabInstance: {fileID: 28675087689046150}
  m_PrefabAsset: {fileID: 0}
--- !u!1001 &3405287397135734251
PrefabInstance:
  m_ObjectHideFlags: 0
  serializedVersion: 2
  m_Modification:
    m_TransformParent: {fileID: 9085826507865628118}
    m_Modifications:
    - target: {fileID: 3376361657019467712, guid: c410fa5e7043d844186525edf87d371a,
        type: 3}
      propertyPath: m_Name
      value: Feuille4 (1)
      objectReference: {fileID: 0}
    - target: {fileID: 8784233557891280168, guid: c410fa5e7043d844186525edf87d371a,
        type: 3}
      propertyPath: m_LocalPosition.x
      value: 0.027982235
      objectReference: {fileID: 0}
    - target: {fileID: 8784233557891280168, guid: c410fa5e7043d844186525edf87d371a,
        type: 3}
      propertyPath: m_LocalPosition.y
      value: 0.25189996
      objectReference: {fileID: 0}
    - target: {fileID: 8784233557891280168, guid: c410fa5e7043d844186525edf87d371a,
        type: 3}
      propertyPath: m_LocalPosition.z
      value: 0.063055985
      objectReference: {fileID: 0}
    - target: {fileID: 8784233557891280168, guid: c410fa5e7043d844186525edf87d371a,
        type: 3}
      propertyPath: m_LocalRotation.x
      value: 0.022371396
      objectReference: {fileID: 0}
    - target: {fileID: 8784233557891280168, guid: c410fa5e7043d844186525edf87d371a,
        type: 3}
      propertyPath: m_LocalRotation.y
      value: 0.2218214
      objectReference: {fileID: 0}
    - target: {fileID: 8784233557891280168, guid: c410fa5e7043d844186525edf87d371a,
        type: 3}
      propertyPath: m_LocalRotation.z
      value: -0.6129703
      objectReference: {fileID: 0}
    - target: {fileID: 8784233557891280168, guid: c410fa5e7043d844186525edf87d371a,
        type: 3}
      propertyPath: m_LocalRotation.w
      value: 0.7579989
      objectReference: {fileID: 0}
    - target: {fileID: 8784233557891280168, guid: c410fa5e7043d844186525edf87d371a,
        type: 3}
      propertyPath: m_RootOrder
      value: 2
      objectReference: {fileID: 0}
    - target: {fileID: 8784233557891280168, guid: c410fa5e7043d844186525edf87d371a,
        type: 3}
      propertyPath: m_LocalEulerAnglesHint.x
      value: 17.810001
      objectReference: {fileID: 0}
    - target: {fileID: 8784233557891280168, guid: c410fa5e7043d844186525edf87d371a,
        type: 3}
      propertyPath: m_LocalEulerAnglesHint.y
      value: 18.929
      objectReference: {fileID: 0}
    - target: {fileID: 8784233557891280168, guid: c410fa5e7043d844186525edf87d371a,
        type: 3}
      propertyPath: m_LocalEulerAnglesHint.z
      value: -74.93
      objectReference: {fileID: 0}
    - target: {fileID: 8784233557891280168, guid: c410fa5e7043d844186525edf87d371a,
        type: 3}
      propertyPath: m_LocalScale.x
      value: 0.9189409
      objectReference: {fileID: 0}
    - target: {fileID: 8784233557891280168, guid: c410fa5e7043d844186525edf87d371a,
        type: 3}
      propertyPath: m_LocalScale.y
      value: 0.9189408
      objectReference: {fileID: 0}
    - target: {fileID: 8784233557891280168, guid: c410fa5e7043d844186525edf87d371a,
        type: 3}
      propertyPath: m_LocalScale.z
      value: 0.9189408
      objectReference: {fileID: 0}
    m_RemovedComponents: []
  m_SourcePrefab: {fileID: 100100000, guid: c410fa5e7043d844186525edf87d371a, type: 3}
--- !u!4 &6243641897719380163 stripped
Transform:
  m_CorrespondingSourceObject: {fileID: 8784233557891280168, guid: c410fa5e7043d844186525edf87d371a,
    type: 3}
  m_PrefabInstance: {fileID: 3405287397135734251}
  m_PrefabAsset: {fileID: 0}
--- !u!1001 &8838692626823541783
PrefabInstance:
  m_ObjectHideFlags: 0
  serializedVersion: 2
  m_Modification:
    m_TransformParent: {fileID: 9085826507865628118}
    m_Modifications:
    - target: {fileID: 3376361657019467712, guid: c410fa5e7043d844186525edf87d371a,
        type: 3}
      propertyPath: m_Name
      value: Feuille4
      objectReference: {fileID: 0}
    - target: {fileID: 8784233557891280168, guid: c410fa5e7043d844186525edf87d371a,
        type: 3}
      propertyPath: m_LocalPosition.x
      value: -0.031417847
      objectReference: {fileID: 0}
    - target: {fileID: 8784233557891280168, guid: c410fa5e7043d844186525edf87d371a,
        type: 3}
      propertyPath: m_LocalPosition.y
      value: 0.17359996
      objectReference: {fileID: 0}
    - target: {fileID: 8784233557891280168, guid: c410fa5e7043d844186525edf87d371a,
        type: 3}
      propertyPath: m_LocalPosition.z
      value: -0.09624482
      objectReference: {fileID: 0}
    - target: {fileID: 8784233557891280168, guid: c410fa5e7043d844186525edf87d371a,
        type: 3}
      propertyPath: m_LocalRotation.x
      value: -0.21754605
      objectReference: {fileID: 0}
    - target: {fileID: 8784233557891280168, guid: c410fa5e7043d844186525edf87d371a,
        type: 3}
      propertyPath: m_LocalRotation.y
      value: -0.09011449
      objectReference: {fileID: 0}
    - target: {fileID: 8784233557891280168, guid: c410fa5e7043d844186525edf87d371a,
        type: 3}
      propertyPath: m_LocalRotation.z
      value: -0.5735039
      objectReference: {fileID: 0}
    - target: {fileID: 8784233557891280168, guid: c410fa5e7043d844186525edf87d371a,
        type: 3}
      propertyPath: m_LocalRotation.w
      value: 0.7846314
      objectReference: {fileID: 0}
    - target: {fileID: 8784233557891280168, guid: c410fa5e7043d844186525edf87d371a,
        type: 3}
      propertyPath: m_RootOrder
      value: 0
      objectReference: {fileID: 0}
    - target: {fileID: 8784233557891280168, guid: c410fa5e7043d844186525edf87d371a,
        type: 3}
      propertyPath: m_LocalEulerAnglesHint.x
      value: -26.407001
      objectReference: {fileID: 0}
    - target: {fileID: 8784233557891280168, guid: c410fa5e7043d844186525edf87d371a,
        type: 3}
      propertyPath: m_LocalEulerAnglesHint.y
      value: 6.9330006
      objectReference: {fileID: 0}
    - target: {fileID: 8784233557891280168, guid: c410fa5e7043d844186525edf87d371a,
        type: 3}
      propertyPath: m_LocalEulerAnglesHint.z
      value: -73.956
      objectReference: {fileID: 0}
    - target: {fileID: 8784233557891280168, guid: c410fa5e7043d844186525edf87d371a,
        type: 3}
      propertyPath: m_LocalScale.x
      value: 1.3856999
      objectReference: {fileID: 0}
    - target: {fileID: 8784233557891280168, guid: c410fa5e7043d844186525edf87d371a,
        type: 3}
      propertyPath: m_LocalScale.y
      value: 1.3857001
      objectReference: {fileID: 0}
    - target: {fileID: 8784233557891280168, guid: c410fa5e7043d844186525edf87d371a,
        type: 3}
      propertyPath: m_LocalScale.z
      value: 1.3857
      objectReference: {fileID: 0}
    m_RemovedComponents: []
  m_SourcePrefab: {fileID: 100100000, guid: c410fa5e7043d844186525edf87d371a, type: 3}
--- !u!4 &238275148053125439 stripped
Transform:
  m_CorrespondingSourceObject: {fileID: 8784233557891280168, guid: c410fa5e7043d844186525edf87d371a,
    type: 3}
  m_PrefabInstance: {fileID: 8838692626823541783}
  m_PrefabAsset: {fileID: 0}
