%YAML 1.1
%TAG !u! tag:unity3d.com,2011:
--- !u!1 &257209664931507362
GameObject:
  m_ObjectHideFlags: 0
  m_CorrespondingSourceObject: {fileID: 0}
  m_PrefabInstance: {fileID: 0}
  m_PrefabAsset: {fileID: 0}
  serializedVersion: 6
  m_Component:
  - component: {fileID: 5210669433827131920}
  m_Layer: 0
  m_Name: mixamorig:Spine2
  m_TagString: Untagged
  m_Icon: {fileID: 0}
  m_NavMeshLayer: 0
  m_StaticEditorFlags: 0
  m_IsActive: 1
--- !u!4 &5210669433827131920
Transform:
  m_ObjectHideFlags: 0
  m_CorrespondingSourceObject: {fileID: 0}
  m_PrefabInstance: {fileID: 0}
  m_PrefabAsset: {fileID: 0}
  m_GameObject: {fileID: 257209664931507362}
  m_LocalRotation: {x: -0.033523016, y: -0.0006680249, z: 0.0009029438, w: 0.99943733}
  m_LocalPosition: {x: -0, y: 0.15283437, z: 0}
  m_LocalScale: {x: 1, y: 1, z: 1}
  m_Children:
  - {fileID: 7841513561839194763}
  - {fileID: 1668755090412146285}
  - {fileID: 3420557038546054114}
  - {fileID: 6692776848963686523}
  m_Father: {fileID: 6767573557108552315}
  m_RootOrder: 0
  m_LocalEulerAnglesHint: {x: 0, y: 0, z: 0}
--- !u!1 &1052659650100248375
GameObject:
  m_ObjectHideFlags: 0
  m_CorrespondingSourceObject: {fileID: 0}
  m_PrefabInstance: {fileID: 0}
  m_PrefabAsset: {fileID: 0}
  serializedVersion: 6
  m_Component:
  - component: {fileID: 91819759305940133}
  m_Layer: 0
  m_Name: mixamorig:RightLeg
  m_TagString: Untagged
  m_Icon: {fileID: 0}
  m_NavMeshLayer: 0
  m_StaticEditorFlags: 0
  m_IsActive: 1
--- !u!4 &91819759305940133
Transform:
  m_ObjectHideFlags: 0
  m_CorrespondingSourceObject: {fileID: 0}
  m_PrefabInstance: {fileID: 0}
  m_PrefabAsset: {fileID: 0}
  m_GameObject: {fileID: 1052659650100248375}
  m_LocalRotation: {x: -0.091228046, y: -0.05381269, z: 0.0058266404, w: 0.99435794}
  m_LocalPosition: {x: -0, y: 0.4489865, z: -8.881784e-18}
  m_LocalScale: {x: 1, y: 1, z: 1}
  m_Children:
  - {fileID: 4987137582942811139}
  m_Father: {fileID: 4331218407937303103}
  m_RootOrder: 0
  m_LocalEulerAnglesHint: {x: 0, y: 0, z: 0}
--- !u!1 &1634810947219599235
GameObject:
  m_ObjectHideFlags: 0
  m_CorrespondingSourceObject: {fileID: 0}
  m_PrefabInstance: {fileID: 0}
  m_PrefabAsset: {fileID: 0}
  serializedVersion: 6
  m_Component:
  - component: {fileID: 7155447003924523142}
  - component: {fileID: 3947413025485932337}
  m_Layer: 0
  m_Name: Perso
  m_TagString: Untagged
  m_Icon: {fileID: 0}
  m_NavMeshLayer: 0
  m_StaticEditorFlags: 0
  m_IsActive: 1
--- !u!4 &7155447003924523142
Transform:
  m_ObjectHideFlags: 0
  m_CorrespondingSourceObject: {fileID: 0}
  m_PrefabInstance: {fileID: 0}
  m_PrefabAsset: {fileID: 0}
  m_GameObject: {fileID: 1634810947219599235}
  m_LocalRotation: {x: 0.000000021855694, y: -0, z: -0, w: 1}
  m_LocalPosition: {x: -0, y: 0, z: 0}
  m_LocalScale: {x: 1, y: 1, z: 1}
  m_Children: []
  m_Father: {fileID: 5390341613288535444}
  m_RootOrder: 1
  m_LocalEulerAnglesHint: {x: 0, y: 0, z: 0}
--- !u!137 &3947413025485932337
SkinnedMeshRenderer:
  m_ObjectHideFlags: 0
  m_CorrespondingSourceObject: {fileID: 0}
  m_PrefabInstance: {fileID: 0}
  m_PrefabAsset: {fileID: 0}
  m_GameObject: {fileID: 1634810947219599235}
  m_Enabled: 1
  m_CastShadows: 1
  m_ReceiveShadows: 1
  m_DynamicOccludee: 1
  m_MotionVectors: 1
  m_LightProbeUsage: 1
  m_ReflectionProbeUsage: 1
  m_RayTracingMode: 0
  m_RenderingLayerMask: 1
  m_RendererPriority: 0
  m_Materials:
  - {fileID: 2100000, guid: ff5bd3611bce02447a562b32d94a15a3, type: 2}
  m_StaticBatchInfo:
    firstSubMesh: 0
    subMeshCount: 0
  m_StaticBatchRoot: {fileID: 0}
  m_ProbeAnchor: {fileID: 0}
  m_LightProbeVolumeOverride: {fileID: 0}
  m_ScaleInLightmap: 1
  m_ReceiveGI: 1
  m_PreserveUVs: 0
  m_IgnoreNormalsForChartDetection: 0
  m_ImportantGI: 0
  m_StitchLightmapSeams: 1
  m_SelectedEditorRenderState: 3
  m_MinimumChartSize: 4
  m_AutoUVMaxDistance: 0.5
  m_AutoUVMaxAngle: 89
  m_LightmapParameters: {fileID: 0}
  m_SortingLayerID: 0
  m_SortingLayer: 0
  m_SortingOrder: 0
  serializedVersion: 2
  m_Quality: 0
  m_UpdateWhenOffscreen: 0
  m_SkinnedMotionVectors: 1
  m_Mesh: {fileID: 1579826049067546779, guid: dc46c7a0403498f42907dddb9bb5cbab, type: 3}
  m_Bones:
  - {fileID: 4987137582942811139}
  - {fileID: 7295079198457054423}
  - {fileID: 91819759305940133}
  - {fileID: 4331218407937303103}
  - {fileID: 3349073776937301154}
  - {fileID: 7916342858661137486}
  - {fileID: 1497573760624091857}
  - {fileID: 7980526663356705916}
  - {fileID: 476825138594043136}
  - {fileID: 213635353894299283}
  - {fileID: 6767573557108552315}
  - {fileID: 5210669433827131920}
  - {fileID: 1668755090412146285}
  - {fileID: 3420557038546054114}
  - {fileID: 2063429094771828503}
  - {fileID: 2162102280191282554}
  - {fileID: 7987046765692757975}
  - {fileID: 7841513561839194763}
  - {fileID: 2096784788387627335}
  - {fileID: 3140044906132597894}
  - {fileID: 6120746573636251063}
  - {fileID: 4350960957707326681}
  - {fileID: 9127470422721587828}
  - {fileID: 862880714956659005}
  - {fileID: 1691253983719344060}
  - {fileID: 6859867774004533651}
  - {fileID: 2819652166228688439}
  - {fileID: 3124356956144438340}
  m_BlendShapeWeights: []
  m_RootBone: {fileID: 476825138594043136}
  m_AABB:
    m_Center: {x: 0.00581041, y: -0.031893313, z: -0.0808371}
    m_Extent: {x: 0.5058744, y: 1.0874212, z: 0.342814}
  m_DirtyAABB: 0
--- !u!1 &1760389163500431092
GameObject:
  m_ObjectHideFlags: 0
  m_CorrespondingSourceObject: {fileID: 0}
  m_PrefabInstance: {fileID: 0}
  m_PrefabAsset: {fileID: 0}
  serializedVersion: 6
  m_Component:
  - component: {fileID: 4331218407937303103}
  m_Layer: 0
  m_Name: mixamorig:RightUpLeg
  m_TagString: Untagged
  m_Icon: {fileID: 0}
  m_NavMeshLayer: 0
  m_StaticEditorFlags: 0
  m_IsActive: 1
--- !u!4 &4331218407937303103
Transform:
  m_ObjectHideFlags: 0
  m_CorrespondingSourceObject: {fileID: 0}
  m_PrefabInstance: {fileID: 0}
  m_PrefabAsset: {fileID: 0}
  m_GameObject: {fileID: 1760389163500431092}
  m_LocalRotation: {x: 0.09814115, y: -0.019629827, z: 0.9937428, w: -0.04957977}
  m_LocalPosition: {x: 0.108667135, y: -0.063673094, z: -0.04832942}
  m_LocalScale: {x: 1, y: 1, z: 1}
  m_Children:
  - {fileID: 91819759305940133}
  m_Father: {fileID: 476825138594043136}
  m_RootOrder: 1
  m_LocalEulerAnglesHint: {x: 0, y: 0, z: 0}
--- !u!1 &2454846196693057372
GameObject:
  m_ObjectHideFlags: 0
  m_CorrespondingSourceObject: {fileID: 0}
  m_PrefabInstance: {fileID: 0}
  m_PrefabAsset: {fileID: 0}
  serializedVersion: 6
  m_Component:
  - component: {fileID: 2513156239337170037}
  m_Layer: 0
  m_Name: mixamorig:RightToe_End
  m_TagString: Untagged
  m_Icon: {fileID: 0}
  m_NavMeshLayer: 0
  m_StaticEditorFlags: 0
  m_IsActive: 1
--- !u!4 &2513156239337170037
Transform:
  m_ObjectHideFlags: 0
  m_CorrespondingSourceObject: {fileID: 0}
  m_PrefabInstance: {fileID: 0}
  m_PrefabAsset: {fileID: 0}
  m_GameObject: {fileID: 2454846196693057372}
  m_LocalRotation: {x: 0, y: -0, z: -0, w: 1}
  m_LocalPosition: {x: -0, y: 0.06619687, z: -2.220446e-18}
  m_LocalScale: {x: 1, y: 1, z: 1}
  m_Children: []
  m_Father: {fileID: 7295079198457054423}
  m_RootOrder: 0
  m_LocalEulerAnglesHint: {x: 0, y: 0, z: 0}
--- !u!1 &2673138977597676094
GameObject:
  m_ObjectHideFlags: 0
  m_CorrespondingSourceObject: {fileID: 0}
  m_PrefabInstance: {fileID: 0}
  m_PrefabAsset: {fileID: 0}
  serializedVersion: 6
  m_Component:
  - component: {fileID: 8457048605980829447}
  m_Layer: 0
  m_Name: mixamorig:LeftToe_End
  m_TagString: Untagged
  m_Icon: {fileID: 0}
  m_NavMeshLayer: 0
  m_StaticEditorFlags: 0
  m_IsActive: 1
--- !u!4 &8457048605980829447
Transform:
  m_ObjectHideFlags: 0
  m_CorrespondingSourceObject: {fileID: 0}
  m_PrefabInstance: {fileID: 0}
  m_PrefabAsset: {fileID: 0}
  m_GameObject: {fileID: 2673138977597676094}
  m_LocalRotation: {x: 0, y: -0, z: -0, w: 1}
  m_LocalPosition: {x: -1.7763568e-17, y: 0.06752284, z: 0}
  m_LocalScale: {x: 1, y: 1, z: 1}
  m_Children: []
  m_Father: {fileID: 1497573760624091857}
  m_RootOrder: 0
  m_LocalEulerAnglesHint: {x: 0, y: 0, z: 0}
--- !u!1 &3027465418624438555
GameObject:
  m_ObjectHideFlags: 0
  m_CorrespondingSourceObject: {fileID: 0}
  m_PrefabInstance: {fileID: 0}
  m_PrefabAsset: {fileID: 0}
  serializedVersion: 6
  m_Component:
  - component: {fileID: 2063429094771828503}
  m_Layer: 0
  m_Name: mixamorig:Head
  m_TagString: Untagged
  m_Icon: {fileID: 0}
  m_NavMeshLayer: 0
  m_StaticEditorFlags: 0
  m_IsActive: 1
--- !u!4 &2063429094771828503
Transform:
  m_ObjectHideFlags: 0
  m_CorrespondingSourceObject: {fileID: 0}
  m_PrefabInstance: {fileID: 0}
  m_PrefabAsset: {fileID: 0}
  m_GameObject: {fileID: 3027465418624438555}
  m_LocalRotation: {x: -0.06719454, y: 0.04998756, z: 0.07913487, w: 0.9933398}
  m_LocalPosition: {x: -0, y: 0.099427335, z: 0.006589241}
  m_LocalScale: {x: 1, y: 1, z: 1}
  m_Children:
  - {fileID: 3889855479241745401}
  m_Father: {fileID: 1668755090412146285}
  m_RootOrder: 0
  m_LocalEulerAnglesHint: {x: 0, y: 0, z: 0}
--- !u!1 &3338764419163281099
GameObject:
  m_ObjectHideFlags: 0
  m_CorrespondingSourceObject: {fileID: 0}
  m_PrefabInstance: {fileID: 0}
  m_PrefabAsset: {fileID: 0}
  serializedVersion: 6
  m_Component:
  - component: {fileID: 7916342858661137486}
  m_Layer: 0
  m_Name: mixamorig:LeftFoot
  m_TagString: Untagged
  m_Icon: {fileID: 0}
  m_NavMeshLayer: 0
  m_StaticEditorFlags: 0
  m_IsActive: 1
--- !u!4 &7916342858661137486
Transform:
  m_ObjectHideFlags: 0
  m_CorrespondingSourceObject: {fileID: 0}
  m_PrefabInstance: {fileID: 0}
  m_PrefabAsset: {fileID: 0}
  m_GameObject: {fileID: 3338764419163281099}
  m_LocalRotation: {x: 0.48342192, y: 0.024550725, z: 0.061250847, w: 0.8728968}
  m_LocalPosition: {x: -0, y: 0.3486668, z: 8.881784e-18}
  m_LocalScale: {x: 1, y: 1, z: 1}
  m_Children:
  - {fileID: 1497573760624091857}
  m_Father: {fileID: 3349073776937301154}
  m_RootOrder: 0
  m_LocalEulerAnglesHint: {x: 0, y: 0, z: 0}
--- !u!1 &3490060140732366456
GameObject:
  m_ObjectHideFlags: 0
  m_CorrespondingSourceObject: {fileID: 0}
  m_PrefabInstance: {fileID: 0}
  m_PrefabAsset: {fileID: 0}
  serializedVersion: 6
  m_Component:
  - component: {fileID: 6767573557108552315}
  m_Layer: 0
  m_Name: mixamorig:Spine1
  m_TagString: Untagged
  m_Icon: {fileID: 0}
  m_NavMeshLayer: 0
  m_StaticEditorFlags: 0
  m_IsActive: 1
--- !u!4 &6767573557108552315
Transform:
  m_ObjectHideFlags: 0
  m_CorrespondingSourceObject: {fileID: 0}
  m_PrefabInstance: {fileID: 0}
  m_PrefabAsset: {fileID: 0}
  m_GameObject: {fileID: 3490060140732366456}
  m_LocalRotation: {x: -0.033523552, y: -0.00061979756, z: 0.0008867948, w: 0.9994374}
  m_LocalPosition: {x: -0, y: 0.13372993, z: 0}
  m_LocalScale: {x: 1, y: 1, z: 1}
  m_Children:
  - {fileID: 5210669433827131920}
  m_Father: {fileID: 213635353894299283}
  m_RootOrder: 0
  m_LocalEulerAnglesHint: {x: 0, y: 0, z: 0}
--- !u!1 &3825557376899432272
GameObject:
  m_ObjectHideFlags: 0
  m_CorrespondingSourceObject: {fileID: 0}
  m_PrefabInstance: {fileID: 0}
  m_PrefabAsset: {fileID: 0}
  serializedVersion: 6
  m_Component:
  - component: {fileID: 2819652166228688439}
  m_Layer: 0
  m_Name: mixamorig:LeftHandIndex2
  m_TagString: Untagged
  m_Icon: {fileID: 0}
  m_NavMeshLayer: 0
  m_StaticEditorFlags: 0
  m_IsActive: 1
--- !u!4 &2819652166228688439
Transform:
  m_ObjectHideFlags: 0
  m_CorrespondingSourceObject: {fileID: 0}
  m_PrefabInstance: {fileID: 0}
  m_PrefabAsset: {fileID: 0}
  m_GameObject: {fileID: 3825557376899432272}
  m_LocalRotation: {x: 0.42635614, y: 0.13071588, z: -0.40837824, w: 0.79646784}
  m_LocalPosition: {x: -0, y: 0.043246392, z: 0}
  m_LocalScale: {x: 1, y: 1, z: 1}
  m_Children:
  - {fileID: 3124356956144438340}
  m_Father: {fileID: 6859867774004533651}
  m_RootOrder: 0
  m_LocalEulerAnglesHint: {x: 0, y: 0, z: 0}
--- !u!1 &3941742985964596608
GameObject:
  m_ObjectHideFlags: 0
  m_CorrespondingSourceObject: {fileID: 0}
  m_PrefabInstance: {fileID: 0}
  m_PrefabAsset: {fileID: 0}
  serializedVersion: 6
  m_Component:
  - component: {fileID: 7987046765692757975}
  m_Layer: 0
  m_Name: mixamorig:RightForeArm
  m_TagString: Untagged
  m_Icon: {fileID: 0}
  m_NavMeshLayer: 0
  m_StaticEditorFlags: 0
  m_IsActive: 1
--- !u!4 &7987046765692757975
Transform:
  m_ObjectHideFlags: 0
  m_CorrespondingSourceObject: {fileID: 0}
  m_PrefabInstance: {fileID: 0}
  m_PrefabAsset: {fileID: 0}
  m_GameObject: {fileID: 3941742985964596608}
  m_LocalRotation: {x: 0.0012613756, y: -0.0021473796, z: 0.12525292, w: 0.99212176}
  m_LocalPosition: {x: 2.220446e-18, y: 0.3566749, z: -2.842171e-16}
  m_LocalScale: {x: 1, y: 1, z: 1}
  m_Children:
  - {fileID: 6120746573636251063}
  m_Father: {fileID: 2162102280191282554}
  m_RootOrder: 0
  m_LocalEulerAnglesHint: {x: 0, y: 0, z: 0}
--- !u!1 &3970932491842496508
GameObject:
  m_ObjectHideFlags: 0
  m_CorrespondingSourceObject: {fileID: 0}
  m_PrefabInstance: {fileID: 0}
  m_PrefabAsset: {fileID: 0}
  serializedVersion: 6
  m_Component:
  - component: {fileID: 2096784788387627335}
  m_Layer: 0
  m_Name: mixamorig:LeftArm
  m_TagString: Untagged
  m_Icon: {fileID: 0}
  m_NavMeshLayer: 0
  m_StaticEditorFlags: 0
  m_IsActive: 1
--- !u!4 &2096784788387627335
Transform:
  m_ObjectHideFlags: 0
  m_CorrespondingSourceObject: {fileID: 0}
  m_PrefabInstance: {fileID: 0}
  m_PrefabAsset: {fileID: 0}
  m_GameObject: {fileID: 3970932491842496508}
  m_LocalRotation: {x: 0.33543858, y: -0.18405113, z: -0.045605894, w: 0.9227818}
  m_LocalPosition: {x: -2.220446e-18, y: 0.15946658, z: -2.842171e-16}
  m_LocalScale: {x: 1, y: 1, z: 1}
  m_Children:
  - {fileID: 3140044906132597894}
  m_Father: {fileID: 7841513561839194763}
  m_RootOrder: 0
  m_LocalEulerAnglesHint: {x: 0, y: 0, z: 0}
--- !u!1 &4095696225116150508
GameObject:
  m_ObjectHideFlags: 0
  m_CorrespondingSourceObject: {fileID: 0}
  m_PrefabInstance: {fileID: 0}
  m_PrefabAsset: {fileID: 0}
  serializedVersion: 6
  m_Component:
  - component: {fileID: 4987137582942811139}
  m_Layer: 0
  m_Name: mixamorig:RightFoot
  m_TagString: Untagged
  m_Icon: {fileID: 0}
  m_NavMeshLayer: 0
  m_StaticEditorFlags: 0
  m_IsActive: 1
--- !u!4 &4987137582942811139
Transform:
  m_ObjectHideFlags: 0
  m_CorrespondingSourceObject: {fileID: 0}
  m_PrefabInstance: {fileID: 0}
  m_PrefabAsset: {fileID: 0}
  m_GameObject: {fileID: 4095696225116150508}
  m_LocalRotation: {x: 0.39660856, y: -0.031414937, z: -0.07745255, w: 0.914175}
  m_LocalPosition: {x: -0, y: 0.34848163, z: 0}
  m_LocalScale: {x: 1, y: 1, z: 1}
  m_Children:
  - {fileID: 7295079198457054423}
  m_Father: {fileID: 91819759305940133}
  m_RootOrder: 0
  m_LocalEulerAnglesHint: {x: 0, y: 0, z: 0}
--- !u!1 &4721328836051070766
GameObject:
  m_ObjectHideFlags: 0
  m_CorrespondingSourceObject: {fileID: 0}
  m_PrefabInstance: {fileID: 0}
  m_PrefabAsset: {fileID: 0}
  serializedVersion: 6
  m_Component:
  - component: {fileID: 5390341613288535444}
  - component: {fileID: 2030696786324910062}
  - component: {fileID: 4721328836051070761}
  - component: {fileID: 4721328836051070767}
  m_Layer: 0
  m_Name: Character
  m_TagString: Untagged
  m_Icon: {fileID: 0}
  m_NavMeshLayer: 0
  m_StaticEditorFlags: 0
  m_IsActive: 1
--- !u!4 &5390341613288535444
Transform:
  m_ObjectHideFlags: 0
  m_CorrespondingSourceObject: {fileID: 0}
  m_PrefabInstance: {fileID: 0}
  m_PrefabAsset: {fileID: 0}
  m_GameObject: {fileID: 4721328836051070766}
  m_LocalRotation: {x: -0, y: -0, z: -0, w: 1}
  m_LocalPosition: {x: 0, y: 0, z: 0}
  m_LocalScale: {x: 1, y: 1, z: 1}
  m_Children:
  - {fileID: 476825138594043136}
  - {fileID: 7155447003924523142}
  m_Father: {fileID: 6587425301098278828}
  m_RootOrder: 0
  m_LocalEulerAnglesHint: {x: 0, y: 0, z: 0}
--- !u!95 &2030696786324910062
Animator:
  serializedVersion: 3
  m_ObjectHideFlags: 0
  m_CorrespondingSourceObject: {fileID: 0}
  m_PrefabInstance: {fileID: 0}
  m_PrefabAsset: {fileID: 0}
  m_GameObject: {fileID: 4721328836051070766}
  m_Enabled: 1
  m_Avatar: {fileID: 9000000, guid: dc46c7a0403498f42907dddb9bb5cbab, type: 3}
  m_Controller: {fileID: 9100000, guid: 108f8a7df93be6444a1894ee837b61d8, type: 2}
  m_CullingMode: 1
  m_UpdateMode: 0
  m_ApplyRootMotion: 1
  m_LinearVelocityBlending: 0
  m_WarningMessage: 
  m_HasTransformHierarchy: 1
  m_AllowConstantClipSamplingOptimization: 1
  m_KeepAnimatorControllerStateOnDisable: 0
--- !u!136 &4721328836051070761
CapsuleCollider:
  m_ObjectHideFlags: 0
  m_CorrespondingSourceObject: {fileID: 0}
  m_PrefabInstance: {fileID: 0}
  m_PrefabAsset: {fileID: 0}
  m_GameObject: {fileID: 4721328836051070766}
  m_Material: {fileID: 0}
  m_IsTrigger: 0
  m_Enabled: 1
  m_Radius: 0.16418195
  m_Height: 2.522133
  m_Direction: 1
  m_Center: {x: -0.048509106, y: 0.7610663, z: -0.012734026}
--- !u!114 &4721328836051070767
MonoBehaviour:
  m_ObjectHideFlags: 0
  m_CorrespondingSourceObject: {fileID: 0}
  m_PrefabInstance: {fileID: 0}
  m_PrefabAsset: {fileID: 0}
  m_GameObject: {fileID: 4721328836051070766}
  m_Enabled: 1
  m_EditorHideFlags: 0
  m_Script: {fileID: 11500000, guid: 3061bbb183fca9e4aa2afb7f73d0ec69, type: 3}
  m_Name: 
  m_EditorClassIdentifier: 
  PickUpAnimation: {fileID: -203655887218126122, guid: af7b51483fc931842baea1880bb2099f,
    type: 3}
--- !u!1 &4774359599409007733
GameObject:
  m_ObjectHideFlags: 0
  m_CorrespondingSourceObject: {fileID: 0}
  m_PrefabInstance: {fileID: 0}
  m_PrefabAsset: {fileID: 0}
  serializedVersion: 6
  m_Component:
  - component: {fileID: 476825138594043136}
  m_Layer: 0
  m_Name: mixamorig:Hips
  m_TagString: Untagged
  m_Icon: {fileID: 0}
  m_NavMeshLayer: 0
  m_StaticEditorFlags: 0
  m_IsActive: 1
--- !u!4 &476825138594043136
Transform:
  m_ObjectHideFlags: 0
  m_CorrespondingSourceObject: {fileID: 0}
  m_PrefabInstance: {fileID: 0}
  m_PrefabAsset: {fileID: 0}
  m_GameObject: {fileID: 4774359599409007733}
  m_LocalRotation: {x: -0.008069632, y: 0.0077573443, z: 0.011593945, w: 0.9998702}
  m_LocalPosition: {x: -0.000025285259, y: 0.99809575, z: 0.0434657}
  m_LocalScale: {x: 1, y: 1, z: 1}
  m_Children:
  - {fileID: 7980526663356705916}
  - {fileID: 4331218407937303103}
  - {fileID: 213635353894299283}
  m_Father: {fileID: 5390341613288535444}
  m_RootOrder: 0
  m_LocalEulerAnglesHint: {x: 0, y: 0, z: 0}
--- !u!1 &5576717818200923270
GameObject:
  m_ObjectHideFlags: 0
  m_CorrespondingSourceObject: {fileID: 0}
  m_PrefabInstance: {fileID: 0}
  m_PrefabAsset: {fileID: 0}
  serializedVersion: 6
  m_Component:
  - component: {fileID: 3420557038546054114}
  m_Layer: 0
  m_Name: mixamorig:RightShoulder
  m_TagString: Untagged
  m_Icon: {fileID: 0}
  m_NavMeshLayer: 0
  m_StaticEditorFlags: 0
  m_IsActive: 1
--- !u!4 &3420557038546054114
Transform:
  m_ObjectHideFlags: 0
  m_CorrespondingSourceObject: {fileID: 0}
  m_PrefabInstance: {fileID: 0}
  m_PrefabAsset: {fileID: 0}
  m_GameObject: {fileID: 5576717818200923270}
  m_LocalRotation: {x: -0.5971073, y: -0.37812796, z: 0.6310367, w: -0.3198044}
  m_LocalPosition: {x: 0.07454577, y: 0.14546667, z: -0.00043162957}
  m_LocalScale: {x: 1, y: 1, z: 1}
  m_Children:
  - {fileID: 2162102280191282554}
  m_Father: {fileID: 5210669433827131920}
  m_RootOrder: 2
  m_LocalEulerAnglesHint: {x: 0, y: 0, z: 0}
--- !u!1 &5718388613448044601
GameObject:
  m_ObjectHideFlags: 0
  m_CorrespondingSourceObject: {fileID: 0}
  m_PrefabInstance: {fileID: 0}
  m_PrefabAsset: {fileID: 0}
  serializedVersion: 6
  m_Component:
  - component: {fileID: 2162102280191282554}
  m_Layer: 0
  m_Name: mixamorig:RightArm
  m_TagString: Untagged
  m_Icon: {fileID: 0}
  m_NavMeshLayer: 0
  m_StaticEditorFlags: 0
  m_IsActive: 1
--- !u!4 &2162102280191282554
Transform:
  m_ObjectHideFlags: 0
  m_CorrespondingSourceObject: {fileID: 0}
  m_PrefabInstance: {fileID: 0}
  m_PrefabAsset: {fileID: 0}
  m_GameObject: {fileID: 5718388613448044601}
  m_LocalRotation: {x: 0.42964742, y: -0.007607736, z: -0.059919465, w: 0.9009744}
  m_LocalPosition: {x: -2.220446e-18, y: 0.15946658, z: -2.842171e-16}
  m_LocalScale: {x: 1, y: 1, z: 1}
  m_Children:
  - {fileID: 7987046765692757975}
  m_Father: {fileID: 3420557038546054114}
  m_RootOrder: 0
  m_LocalEulerAnglesHint: {x: 0, y: 0, z: 0}
--- !u!1 &6097224563148951568
GameObject:
  m_ObjectHideFlags: 0
  m_CorrespondingSourceObject: {fileID: 0}
  m_PrefabInstance: {fileID: 0}
  m_PrefabAsset: {fileID: 0}
  serializedVersion: 6
  m_Component:
  - component: {fileID: 4350960957707326681}
  m_Layer: 0
  m_Name: mixamorig:RightHandIndex1
  m_TagString: Untagged
  m_Icon: {fileID: 0}
  m_NavMeshLayer: 0
  m_StaticEditorFlags: 0
  m_IsActive: 1
--- !u!4 &4350960957707326681
Transform:
  m_ObjectHideFlags: 0
  m_CorrespondingSourceObject: {fileID: 0}
  m_PrefabInstance: {fileID: 0}
  m_PrefabAsset: {fileID: 0}
  m_GameObject: {fileID: 6097224563148951568}
  m_LocalRotation: {x: 0.10433282, y: -0.006776835, z: 0.04783536, w: 0.99336827}
  m_LocalPosition: {x: -0, y: 0.16405912, z: 0}
  m_LocalScale: {x: 1, y: 1, z: 1}
  m_Children:
  - {fileID: 9127470422721587828}
  m_Father: {fileID: 6120746573636251063}
  m_RootOrder: 0
  m_LocalEulerAnglesHint: {x: 0, y: 0, z: 0}
--- !u!1 &6412424040761016004
GameObject:
  m_ObjectHideFlags: 0
  m_CorrespondingSourceObject: {fileID: 0}
  m_PrefabInstance: {fileID: 0}
  m_PrefabAsset: {fileID: 0}
  serializedVersion: 6
  m_Component:
  - component: {fileID: 213635353894299283}
  m_Layer: 0
  m_Name: mixamorig:Spine
  m_TagString: Untagged
  m_Icon: {fileID: 0}
  m_NavMeshLayer: 0
  m_StaticEditorFlags: 0
  m_IsActive: 1
--- !u!4 &213635353894299283
Transform:
  m_ObjectHideFlags: 0
  m_CorrespondingSourceObject: {fileID: 0}
  m_PrefabInstance: {fileID: 0}
  m_PrefabAsset: {fileID: 0}
  m_GameObject: {fileID: 6412424040761016004}
  m_LocalRotation: {x: 0.0062328735, y: 0.001869099, z: 0.014910788, w: 0.9998677}
  m_LocalPosition: {x: -0, y: 0.114623636, z: -0.0007040456}
  m_LocalScale: {x: 1, y: 1, z: 1}
  m_Children:
  - {fileID: 6767573557108552315}
  m_Father: {fileID: 476825138594043136}
  m_RootOrder: 2
  m_LocalEulerAnglesHint: {x: 0, y: 0, z: 0}
--- !u!1 &6587425301098278739
GameObject:
  m_ObjectHideFlags: 0
  m_CorrespondingSourceObject: {fileID: 0}
  m_PrefabInstance: {fileID: 0}
  m_PrefabAsset: {fileID: 0}
  serializedVersion: 6
  m_Component:
  - component: {fileID: 6587425301098278828}
  - component: {fileID: 6587425301098278830}
  - component: {fileID: 6587425301098278829}
  m_Layer: 0
  m_Name: MainCharacter
  m_TagString: Untagged
  m_Icon: {fileID: 0}
  m_NavMeshLayer: 0
  m_StaticEditorFlags: 0
  m_IsActive: 1
--- !u!4 &6587425301098278828
Transform:
  m_ObjectHideFlags: 0
  m_CorrespondingSourceObject: {fileID: 0}
  m_PrefabInstance: {fileID: 0}
  m_PrefabAsset: {fileID: 0}
  m_GameObject: {fileID: 6587425301098278739}
  m_LocalRotation: {x: -0, y: -0, z: -0, w: 1}
  m_LocalPosition: {x: 0.75, y: 0.284, z: 1.0572865}
  m_LocalScale: {x: 1, y: 1, z: 1}
  m_Children:
  - {fileID: 5390341613288535444}
  - {fileID: 4402541980350870629}
  m_Father: {fileID: 0}
  m_RootOrder: 0
  m_LocalEulerAnglesHint: {x: 0, y: 0, z: 0}
--- !u!195 &6587425301098278830
NavMeshAgent:
  m_ObjectHideFlags: 0
  m_CorrespondingSourceObject: {fileID: 0}
  m_PrefabInstance: {fileID: 0}
  m_PrefabAsset: {fileID: 0}
  m_GameObject: {fileID: 6587425301098278739}
  m_Enabled: 1
  m_AgentTypeID: 0
  m_Radius: 0.5
  m_Speed: 3
  m_Acceleration: 8
  avoidancePriority: 50
  m_AngularSpeed: 200
  m_StoppingDistance: 0
  m_AutoTraverseOffMeshLink: 1
  m_AutoBraking: 1
  m_AutoRepath: 1
  m_Height: 2
  m_BaseOffset: 0
  m_WalkableMask: 4294967295
  m_ObstacleAvoidanceType: 4
--- !u!114 &6587425301098278829
MonoBehaviour:
  m_ObjectHideFlags: 0
  m_CorrespondingSourceObject: {fileID: 0}
  m_PrefabInstance: {fileID: 0}
  m_PrefabAsset: {fileID: 0}
  m_GameObject: {fileID: 6587425301098278739}
  m_Enabled: 1
  m_EditorHideFlags: 0
  m_Script: {fileID: 11500000, guid: d554fab2266a9c244b6c25eb58ffa1db, type: 3}
  m_Name: 
  m_EditorClassIdentifier: 
  TargetPosition: {fileID: 0}
  EndRotationSpeed: 2
--- !u!1 &6746426148795744075
GameObject:
  m_ObjectHideFlags: 0
  m_CorrespondingSourceObject: {fileID: 0}
  m_PrefabInstance: {fileID: 0}
  m_PrefabAsset: {fileID: 0}
  serializedVersion: 6
  m_Component:
  - component: {fileID: 3124356956144438340}
  m_Layer: 0
  m_Name: mixamorig:LeftHandIndex3
  m_TagString: Untagged
  m_Icon: {fileID: 0}
  m_NavMeshLayer: 0
  m_StaticEditorFlags: 0
  m_IsActive: 1
--- !u!4 &3124356956144438340
Transform:
  m_ObjectHideFlags: 0
  m_CorrespondingSourceObject: {fileID: 0}
  m_PrefabInstance: {fileID: 0}
  m_PrefabAsset: {fileID: 0}
  m_GameObject: {fileID: 6746426148795744075}
  m_LocalRotation: {x: -0.067579485, y: -0.025961228, z: 0.23580568, w: 0.9691}
  m_LocalPosition: {x: -0.019099105, y: 0.012642673, z: -0.008115486}
  m_LocalScale: {x: 1, y: 1, z: 1}
  m_Children:
  - {fileID: 4692170139135637217}
  m_Father: {fileID: 2819652166228688439}
  m_RootOrder: 0
  m_LocalEulerAnglesHint: {x: 0, y: 0, z: 0}
--- !u!1 &6904474637025912210
GameObject:
  m_ObjectHideFlags: 0
  m_CorrespondingSourceObject: {fileID: 0}
  m_PrefabInstance: {fileID: 0}
  m_PrefabAsset: {fileID: 0}
  serializedVersion: 6
  m_Component:
  - component: {fileID: 1497573760624091857}
  m_Layer: 0
  m_Name: mixamorig:LeftToeBase
  m_TagString: Untagged
  m_Icon: {fileID: 0}
  m_NavMeshLayer: 0
  m_StaticEditorFlags: 0
  m_IsActive: 1
--- !u!4 &1497573760624091857
Transform:
  m_ObjectHideFlags: 0
  m_CorrespondingSourceObject: {fileID: 0}
  m_PrefabInstance: {fileID: 0}
  m_PrefabAsset: {fileID: 0}
  m_GameObject: {fileID: 6904474637025912210}
  m_LocalRotation: {x: 0.37737343, y: 0.025391525, z: -0.010351658, w: 0.9256551}
  m_LocalPosition: {x: -0, y: 0.18485992, z: 0}
  m_LocalScale: {x: 1, y: 1, z: 1}
  m_Children:
  - {fileID: 8457048605980829447}
  m_Father: {fileID: 7916342858661137486}
  m_RootOrder: 0
  m_LocalEulerAnglesHint: {x: 0, y: 0, z: 0}
--- !u!1 &7313257518474602427
GameObject:
  m_ObjectHideFlags: 0
  m_CorrespondingSourceObject: {fileID: 0}
  m_PrefabInstance: {fileID: 0}
  m_PrefabAsset: {fileID: 0}
  serializedVersion: 6
  m_Component:
  - component: {fileID: 3889855479241745401}
  m_Layer: 0
  m_Name: mixamorig:HeadTop_End
  m_TagString: Untagged
  m_Icon: {fileID: 0}
  m_NavMeshLayer: 0
  m_StaticEditorFlags: 0
  m_IsActive: 1
--- !u!4 &3889855479241745401
Transform:
  m_ObjectHideFlags: 0
  m_CorrespondingSourceObject: {fileID: 0}
  m_PrefabInstance: {fileID: 0}
  m_PrefabAsset: {fileID: 0}
  m_GameObject: {fileID: 7313257518474602427}
  m_LocalRotation: {x: 0, y: -0, z: -0, w: 1}
  m_LocalPosition: {x: -0, y: 0.29679915, z: 0.019669445}
  m_LocalScale: {x: 1, y: 1, z: 1}
  m_Children: []
  m_Father: {fileID: 2063429094771828503}
  m_RootOrder: 0
  m_LocalEulerAnglesHint: {x: 0, y: 0, z: 0}
--- !u!1 &7401166678489038139
GameObject:
  m_ObjectHideFlags: 0
  m_CorrespondingSourceObject: {fileID: 0}
  m_PrefabInstance: {fileID: 0}
  m_PrefabAsset: {fileID: 0}
  serializedVersion: 6
  m_Component:
  - component: {fileID: 9127470422721587828}
  m_Layer: 0
  m_Name: mixamorig:RightHandIndex2
  m_TagString: Untagged
  m_Icon: {fileID: 0}
  m_NavMeshLayer: 0
  m_StaticEditorFlags: 0
  m_IsActive: 1
--- !u!4 &9127470422721587828
Transform:
  m_ObjectHideFlags: 0
  m_CorrespondingSourceObject: {fileID: 0}
  m_PrefabInstance: {fileID: 0}
  m_PrefabAsset: {fileID: 0}
  m_GameObject: {fileID: 7401166678489038139}
  m_LocalRotation: {x: 0.26871005, y: -0.0075471485, z: -0.0010352031, w: 0.963191}
  m_LocalPosition: {x: -1.7763568e-17, y: 0.018702997, z: 0}
  m_LocalScale: {x: 1, y: 1, z: 1}
  m_Children:
  - {fileID: 862880714956659005}
  m_Father: {fileID: 4350960957707326681}
  m_RootOrder: 0
  m_LocalEulerAnglesHint: {x: 0, y: 0, z: 0}
--- !u!1 &7404456141410588754
GameObject:
  m_ObjectHideFlags: 0
  m_CorrespondingSourceObject: {fileID: 0}
  m_PrefabInstance: {fileID: 0}
  m_PrefabAsset: {fileID: 0}
  serializedVersion: 6
  m_Component:
  - component: {fileID: 7980526663356705916}
  m_Layer: 0
  m_Name: mixamorig:LeftUpLeg
  m_TagString: Untagged
  m_Icon: {fileID: 0}
  m_NavMeshLayer: 0
  m_StaticEditorFlags: 0
  m_IsActive: 1
--- !u!4 &7980526663356705916
Transform:
  m_ObjectHideFlags: 0
  m_CorrespondingSourceObject: {fileID: 0}
  m_PrefabInstance: {fileID: 0}
  m_PrefabAsset: {fileID: 0}
  m_GameObject: {fileID: 7404456141410588754}
  m_LocalRotation: {x: -0.06803926, y: 0.026197692, z: 0.99639994, w: 0.043261126}
  m_LocalPosition: {x: -0.108667135, y: -0.063673094, z: -0.041109856}
  m_LocalScale: {x: 1, y: 1, z: 1}
  m_Children:
  - {fileID: 3349073776937301154}
  m_Father: {fileID: 476825138594043136}
  m_RootOrder: 0
  m_LocalEulerAnglesHint: {x: 0, y: 0, z: 0}
--- !u!1 &7429082750451470463
GameObject:
  m_ObjectHideFlags: 0
  m_CorrespondingSourceObject: {fileID: 0}
  m_PrefabInstance: {fileID: 0}
  m_PrefabAsset: {fileID: 0}
  serializedVersion: 6
  m_Component:
  - component: {fileID: 3349073776937301154}
  m_Layer: 0
  m_Name: mixamorig:LeftLeg
  m_TagString: Untagged
  m_Icon: {fileID: 0}
  m_NavMeshLayer: 0
  m_StaticEditorFlags: 0
  m_IsActive: 1
--- !u!4 &3349073776937301154
Transform:
  m_ObjectHideFlags: 0
  m_CorrespondingSourceObject: {fileID: 0}
  m_PrefabInstance: {fileID: 0}
  m_PrefabAsset: {fileID: 0}
  m_GameObject: {fileID: 7429082750451470463}
  m_LocalRotation: {x: -0.16757768, y: 0.015968611, z: -0.004726509, w: 0.98571825}
  m_LocalPosition: {x: -1.7763568e-17, y: 0.44895858, z: 0}
  m_LocalScale: {x: 1, y: 1, z: 1}
  m_Children:
  - {fileID: 7916342858661137486}
  m_Father: {fileID: 7980526663356705916}
  m_RootOrder: 0
  m_LocalEulerAnglesHint: {x: 0, y: 0, z: 0}
--- !u!1 &7560223397873647486
GameObject:
  m_ObjectHideFlags: 0
  m_CorrespondingSourceObject: {fileID: 0}
  m_PrefabInstance: {fileID: 0}
  m_PrefabAsset: {fileID: 0}
  serializedVersion: 6
  m_Component:
  - component: {fileID: 6120746573636251063}
  m_Layer: 0
  m_Name: mixamorig:RightHand
  m_TagString: Untagged
  m_Icon: {fileID: 0}
  m_NavMeshLayer: 0
  m_StaticEditorFlags: 0
  m_IsActive: 1
--- !u!4 &6120746573636251063
Transform:
  m_ObjectHideFlags: 0
  m_CorrespondingSourceObject: {fileID: 0}
  m_PrefabInstance: {fileID: 0}
  m_PrefabAsset: {fileID: 0}
  m_GameObject: {fileID: 7560223397873647486}
  m_LocalRotation: {x: 0.007974034, y: 0.10685594, z: 0.12606862, w: 0.9862175}
  m_LocalPosition: {x: -0, y: 0.23262496, z: 0}
  m_LocalScale: {x: 1, y: 1, z: 1}
  m_Children:
  - {fileID: 4350960957707326681}
  m_Father: {fileID: 7987046765692757975}
  m_RootOrder: 0
  m_LocalEulerAnglesHint: {x: 0, y: 0, z: 0}
--- !u!1 &7700037163450552434
GameObject:
  m_ObjectHideFlags: 0
  m_CorrespondingSourceObject: {fileID: 0}
  m_PrefabInstance: {fileID: 0}
  m_PrefabAsset: {fileID: 0}
  serializedVersion: 6
  m_Component:
  - component: {fileID: 7841513561839194763}
  m_Layer: 0
  m_Name: mixamorig:LeftShoulder
  m_TagString: Untagged
  m_Icon: {fileID: 0}
  m_NavMeshLayer: 0
  m_StaticEditorFlags: 0
  m_IsActive: 1
--- !u!4 &7841513561839194763
Transform:
  m_ObjectHideFlags: 0
  m_CorrespondingSourceObject: {fileID: 0}
  m_PrefabInstance: {fileID: 0}
  m_PrefabAsset: {fileID: 0}
  m_GameObject: {fileID: 7700037163450552434}
  m_LocalRotation: {x: 0.61936855, y: -0.34365812, z: 0.6430251, w: 0.2912052}
  m_LocalPosition: {x: -0.07454577, y: 0.14546336, z: 0.000106414984}
  m_LocalScale: {x: 1, y: 1, z: 1}
  m_Children:
  - {fileID: 2096784788387627335}
  m_Father: {fileID: 5210669433827131920}
  m_RootOrder: 0
  m_LocalEulerAnglesHint: {x: 0, y: 0, z: 0}
--- !u!1 &8133628325390934226
GameObject:
  m_ObjectHideFlags: 0
  m_CorrespondingSourceObject: {fileID: 0}
  m_PrefabInstance: {fileID: 0}
  m_PrefabAsset: {fileID: 0}
  serializedVersion: 6
  m_Component:
  - component: {fileID: 862880714956659005}
  m_Layer: 0
  m_Name: mixamorig:RightHandIndex3
  m_TagString: Untagged
  m_Icon: {fileID: 0}
  m_NavMeshLayer: 0
  m_StaticEditorFlags: 0
  m_IsActive: 1
--- !u!4 &862880714956659005
Transform:
  m_ObjectHideFlags: 0
  m_CorrespondingSourceObject: {fileID: 0}
  m_PrefabInstance: {fileID: 0}
  m_PrefabAsset: {fileID: 0}
  m_GameObject: {fileID: 8133628325390934226}
  m_LocalRotation: {x: 0.26973686, y: 0.014868746, z: -0.08971969, w: 0.95862997}
  m_LocalPosition: {x: 0.0015592172, y: 0.02731881, z: 0.003948515}
  m_LocalScale: {x: 1, y: 1, z: 1}
  m_Children:
  - {fileID: 2542605638909342626}
  m_Father: {fileID: 9127470422721587828}
  m_RootOrder: 0
  m_LocalEulerAnglesHint: {x: 0, y: 0, z: 0}
--- !u!1 &8243099668433538466
GameObject:
  m_ObjectHideFlags: 0
  m_CorrespondingSourceObject: {fileID: 0}
  m_PrefabInstance: {fileID: 0}
  m_PrefabAsset: {fileID: 0}
  serializedVersion: 6
  m_Component:
  - component: {fileID: 6859867774004533651}
  m_Layer: 0
  m_Name: mixamorig:LeftHandIndex1
  m_TagString: Untagged
  m_Icon: {fileID: 0}
  m_NavMeshLayer: 0
  m_StaticEditorFlags: 0
  m_IsActive: 1
--- !u!4 &6859867774004533651
Transform:
  m_ObjectHideFlags: 0
  m_CorrespondingSourceObject: {fileID: 0}
  m_PrefabInstance: {fileID: 0}
  m_PrefabAsset: {fileID: 0}
  m_GameObject: {fileID: 8243099668433538466}
  m_LocalRotation: {x: 0.16766103, y: 0.0042696605, z: -0.021524206, w: 0.9856005}
  m_LocalPosition: {x: 2.6645352e-17, y: 0.13383622, z: 2.842171e-16}
  m_LocalScale: {x: 1, y: 1, z: 1}
  m_Children:
  - {fileID: 2819652166228688439}
  m_Father: {fileID: 1691253983719344060}
  m_RootOrder: 0
  m_LocalEulerAnglesHint: {x: 0, y: 0, z: 0}
--- !u!1 &8297230766670502835
GameObject:
  m_ObjectHideFlags: 0
  m_CorrespondingSourceObject: {fileID: 0}
  m_PrefabInstance: {fileID: 0}
  m_PrefabAsset: {fileID: 0}
  serializedVersion: 6
  m_Component:
  - component: {fileID: 1691253983719344060}
  m_Layer: 0
  m_Name: mixamorig:LeftHand
  m_TagString: Untagged
  m_Icon: {fileID: 0}
  m_NavMeshLayer: 0
  m_StaticEditorFlags: 0
  m_IsActive: 1
--- !u!4 &1691253983719344060
Transform:
  m_ObjectHideFlags: 0
  m_CorrespondingSourceObject: {fileID: 0}
  m_PrefabInstance: {fileID: 0}
  m_PrefabAsset: {fileID: 0}
  m_GameObject: {fileID: 8297230766670502835}
  m_LocalRotation: {x: 0.014247506, y: 0.00039142606, z: -0.017065462, w: 0.9997528}
  m_LocalPosition: {x: 1.11022296e-17, y: 0.23264831, z: 0}
  m_LocalScale: {x: 1, y: 1, z: 1}
  m_Children:
  - {fileID: 6859867774004533651}
  m_Father: {fileID: 3140044906132597894}
  m_RootOrder: 0
  m_LocalEulerAnglesHint: {x: 0, y: 0, z: 0}
--- !u!1 &8818722376893475171
GameObject:
  m_ObjectHideFlags: 0
  m_CorrespondingSourceObject: {fileID: 0}
  m_PrefabInstance: {fileID: 0}
  m_PrefabAsset: {fileID: 0}
  serializedVersion: 6
  m_Component:
  - component: {fileID: 4692170139135637217}
  m_Layer: 0
  m_Name: mixamorig:LeftHandIndex4
  m_TagString: Untagged
  m_Icon: {fileID: 0}
  m_NavMeshLayer: 0
  m_StaticEditorFlags: 0
  m_IsActive: 1
--- !u!4 &4692170139135637217
Transform:
  m_ObjectHideFlags: 0
  m_CorrespondingSourceObject: {fileID: 0}
  m_PrefabInstance: {fileID: 0}
  m_PrefabAsset: {fileID: 0}
  m_GameObject: {fileID: 8818722376893475171}
  m_LocalRotation: {x: 0, y: -0, z: -0, w: 1}
  m_LocalPosition: {x: -0.015208918, y: 0.028917661, z: 0.004295172}
  m_LocalScale: {x: 1, y: 1, z: 1}
  m_Children: []
  m_Father: {fileID: 3124356956144438340}
  m_RootOrder: 0
  m_LocalEulerAnglesHint: {x: 0, y: 0, z: 0}
--- !u!1 &8837070509858940679
GameObject:
  m_ObjectHideFlags: 0
  m_CorrespondingSourceObject: {fileID: 0}
  m_PrefabInstance: {fileID: 0}
  m_PrefabAsset: {fileID: 0}
  serializedVersion: 6
  m_Component:
  - component: {fileID: 1668755090412146285}
  m_Layer: 0
  m_Name: mixamorig:Neck
  m_TagString: Untagged
  m_Icon: {fileID: 0}
  m_NavMeshLayer: 0
  m_StaticEditorFlags: 0
  m_IsActive: 1
--- !u!4 &1668755090412146285
Transform:
  m_ObjectHideFlags: 0
  m_CorrespondingSourceObject: {fileID: 0}
  m_PrefabInstance: {fileID: 0}
  m_PrefabAsset: {fileID: 0}
  m_GameObject: {fileID: 8837070509858940679}
  m_LocalRotation: {x: -0.020364296, y: 0.0026527818, z: 0.0037764343, w: 0.99978197}
  m_LocalPosition: {x: -0, y: 0.17193851, z: -7.3502404e-10}
  m_LocalScale: {x: 1, y: 1, z: 1}
  m_Children:
  - {fileID: 2063429094771828503}
  m_Father: {fileID: 5210669433827131920}
  m_RootOrder: 1
  m_LocalEulerAnglesHint: {x: 0, y: 0, z: 0}
--- !u!1 &8901790741135263540
GameObject:
  m_ObjectHideFlags: 0
  m_CorrespondingSourceObject: {fileID: 0}
  m_PrefabInstance: {fileID: 0}
  m_PrefabAsset: {fileID: 0}
  serializedVersion: 6
  m_Component:
  - component: {fileID: 3140044906132597894}
  m_Layer: 0
  m_Name: mixamorig:LeftForeArm
  m_TagString: Untagged
  m_Icon: {fileID: 0}
  m_NavMeshLayer: 0
  m_StaticEditorFlags: 0
  m_IsActive: 1
--- !u!4 &3140044906132597894
Transform:
  m_ObjectHideFlags: 0
  m_CorrespondingSourceObject: {fileID: 0}
  m_PrefabInstance: {fileID: 0}
  m_PrefabAsset: {fileID: 0}
  m_GameObject: {fileID: 8901790741135263540}
  m_LocalRotation: {x: 0.0005774401, y: 0.002229295, z: -0.07690518, w: 0.9970358}
  m_LocalPosition: {x: -2.220446e-18, y: 0.35665956, z: 0}
  m_LocalScale: {x: 1, y: 1, z: 1}
  m_Children:
  - {fileID: 1691253983719344060}
  m_Father: {fileID: 2096784788387627335}
  m_RootOrder: 0
  m_LocalEulerAnglesHint: {x: 0, y: 0, z: 0}
--- !u!1 &9182063047482826870
GameObject:
  m_ObjectHideFlags: 0
  m_CorrespondingSourceObject: {fileID: 0}
  m_PrefabInstance: {fileID: 0}
  m_PrefabAsset: {fileID: 0}
  serializedVersion: 6
  m_Component:
  - component: {fileID: 2542605638909342626}
  m_Layer: 0
  m_Name: mixamorig:RightHandIndex4
  m_TagString: Untagged
  m_Icon: {fileID: 0}
  m_NavMeshLayer: 0
  m_StaticEditorFlags: 0
  m_IsActive: 1
--- !u!4 &2542605638909342626
Transform:
  m_ObjectHideFlags: 0
  m_CorrespondingSourceObject: {fileID: 0}
  m_PrefabInstance: {fileID: 0}
  m_PrefabAsset: {fileID: 0}
  m_GameObject: {fileID: 9182063047482826870}
  m_LocalRotation: {x: 0, y: -0, z: -0, w: 1}
  m_LocalPosition: {x: -0.0021576632, y: 0.023094863, z: 0.001769506}
  m_LocalScale: {x: 1, y: 1, z: 1}
  m_Children: []
  m_Father: {fileID: 862880714956659005}
  m_RootOrder: 0
  m_LocalEulerAnglesHint: {x: 0, y: 0, z: 0}
--- !u!1 &9193404891635069672
GameObject:
  m_ObjectHideFlags: 0
  m_CorrespondingSourceObject: {fileID: 0}
  m_PrefabInstance: {fileID: 0}
  m_PrefabAsset: {fileID: 0}
  serializedVersion: 6
  m_Component:
  - component: {fileID: 7295079198457054423}
  m_Layer: 0
  m_Name: mixamorig:RightToeBase
  m_TagString: Untagged
  m_Icon: {fileID: 0}
  m_NavMeshLayer: 0
  m_StaticEditorFlags: 0
  m_IsActive: 1
--- !u!4 &7295079198457054423
Transform:
  m_ObjectHideFlags: 0
  m_CorrespondingSourceObject: {fileID: 0}
  m_PrefabInstance: {fileID: 0}
  m_PrefabAsset: {fileID: 0}
  m_GameObject: {fileID: 9193404891635069672}
  m_LocalRotation: {x: 0.41397604, y: -0.023682399, z: 0.010774569, w: 0.90991586}
  m_LocalPosition: {x: 1.7763568e-17, y: 0.17198189, z: -8.881784e-18}
  m_LocalScale: {x: 1, y: 1, z: 1}
  m_Children:
  - {fileID: 2513156239337170037}
  m_Father: {fileID: 4987137582942811139}
  m_RootOrder: 0
  m_LocalEulerAnglesHint: {x: 0, y: 0, z: 0}
--- !u!1001 &6587425300240457487
PrefabInstance:
  m_ObjectHideFlags: 0
  serializedVersion: 2
  m_Modification:
    m_TransformParent: {fileID: 6692776848963686523}
    m_Modifications:
    - target: {fileID: -8679921383154817045, guid: d75e860fc8b6c464f99bae07f743a96c,
        type: 3}
      propertyPath: m_LocalPosition.x
      value: 0.002
      objectReference: {fileID: 0}
    - target: {fileID: -8679921383154817045, guid: d75e860fc8b6c464f99bae07f743a96c,
        type: 3}
      propertyPath: m_LocalPosition.y
      value: 0.145
      objectReference: {fileID: 0}
    - target: {fileID: -8679921383154817045, guid: d75e860fc8b6c464f99bae07f743a96c,
        type: 3}
      propertyPath: m_LocalPosition.z
      value: -0.219
      objectReference: {fileID: 0}
    - target: {fileID: -8679921383154817045, guid: d75e860fc8b6c464f99bae07f743a96c,
        type: 3}
      propertyPath: m_LocalRotation.x
      value: -0
      objectReference: {fileID: 0}
    - target: {fileID: -8679921383154817045, guid: d75e860fc8b6c464f99bae07f743a96c,
        type: 3}
      propertyPath: m_LocalRotation.y
      value: -9.3132224e-10
      objectReference: {fileID: 0}
    - target: {fileID: -8679921383154817045, guid: d75e860fc8b6c464f99bae07f743a96c,
        type: 3}
      propertyPath: m_LocalRotation.z
      value: -0.0000000011641528
      objectReference: {fileID: 0}
    - target: {fileID: -8679921383154817045, guid: d75e860fc8b6c464f99bae07f743a96c,
        type: 3}
      propertyPath: m_LocalRotation.w
      value: 1
      objectReference: {fileID: 0}
    - target: {fileID: -8679921383154817045, guid: d75e860fc8b6c464f99bae07f743a96c,
        type: 3}
      propertyPath: m_RootOrder
      value: 0
      objectReference: {fileID: 0}
    - target: {fileID: -8679921383154817045, guid: d75e860fc8b6c464f99bae07f743a96c,
        type: 3}
      propertyPath: m_LocalEulerAnglesHint.x
      value: 0
      objectReference: {fileID: 0}
    - target: {fileID: -8679921383154817045, guid: d75e860fc8b6c464f99bae07f743a96c,
        type: 3}
      propertyPath: m_LocalEulerAnglesHint.y
      value: 0
      objectReference: {fileID: 0}
    - target: {fileID: -8679921383154817045, guid: d75e860fc8b6c464f99bae07f743a96c,
        type: 3}
      propertyPath: m_LocalEulerAnglesHint.z
      value: 0
      objectReference: {fileID: 0}
    - target: {fileID: -8679921383154817045, guid: d75e860fc8b6c464f99bae07f743a96c,
        type: 3}
      propertyPath: m_LocalScale.y
      value: 0.83080214
      objectReference: {fileID: 0}
    - target: {fileID: -7511558181221131132, guid: d75e860fc8b6c464f99bae07f743a96c,
        type: 3}
      propertyPath: m_Materials.Array.data[0]
      value: 
      objectReference: {fileID: 2100000, guid: ff5bd3611bce02447a562b32d94a15a3, type: 2}
    - target: {fileID: 919132149155446097, guid: d75e860fc8b6c464f99bae07f743a96c,
        type: 3}
      propertyPath: m_Name
      value: Livres
      objectReference: {fileID: 0}
    m_RemovedComponents: []
  m_SourcePrefab: {fileID: 100100000, guid: d75e860fc8b6c464f99bae07f743a96c, type: 3}
--- !u!1001 &6587425301013026142
PrefabInstance:
  m_ObjectHideFlags: 0
  serializedVersion: 2
  m_Modification:
    m_TransformParent: {fileID: 6587425301098278828}
    m_Modifications:
    - target: {fileID: 676636779415597763, guid: 08cb84dbbee80a14698c2b54aadc3d85,
        type: 3}
      propertyPath: m_textInfo.characterCount
      value: 0
      objectReference: {fileID: 0}
    - target: {fileID: 676636779415597763, guid: 08cb84dbbee80a14698c2b54aadc3d85,
        type: 3}
      propertyPath: m_textInfo.spaceCount
      value: 0
      objectReference: {fileID: 0}
    - target: {fileID: 676636779415597763, guid: 08cb84dbbee80a14698c2b54aadc3d85,
        type: 3}
      propertyPath: m_textInfo.wordCount
      value: 0
      objectReference: {fileID: 0}
    - target: {fileID: 676636779415597763, guid: 08cb84dbbee80a14698c2b54aadc3d85,
        type: 3}
      propertyPath: m_textInfo.lineCount
      value: 0
      objectReference: {fileID: 0}
    - target: {fileID: 676636779415597763, guid: 08cb84dbbee80a14698c2b54aadc3d85,
        type: 3}
      propertyPath: m_textInfo.pageCount
      value: 0
      objectReference: {fileID: 0}
    - target: {fileID: 872575746767212146, guid: 08cb84dbbee80a14698c2b54aadc3d85,
        type: 3}
      propertyPath: m_Mesh
      value: 
      objectReference: {fileID: 0}
    - target: {fileID: 1166238285576539302, guid: 08cb84dbbee80a14698c2b54aadc3d85,
        type: 3}
      propertyPath: m_IsActive
      value: 0
      objectReference: {fileID: 0}
    - target: {fileID: 2579562174656762733, guid: 08cb84dbbee80a14698c2b54aadc3d85,
        type: 3}
      propertyPath: m_IsActive
      value: 0
      objectReference: {fileID: 0}
    - target: {fileID: 2673646777567949904, guid: 08cb84dbbee80a14698c2b54aadc3d85,
        type: 3}
      propertyPath: m_LocalPosition.x
      value: -0.74
      objectReference: {fileID: 0}
    - target: {fileID: 2673646777567949904, guid: 08cb84dbbee80a14698c2b54aadc3d85,
        type: 3}
      propertyPath: m_LocalPosition.z
      value: -0
      objectReference: {fileID: 0}
    - target: {fileID: 2673646777567949904, guid: 08cb84dbbee80a14698c2b54aadc3d85,
        type: 3}
      propertyPath: m_LocalPosition.y
      value: -0.12
      objectReference: {fileID: 0}
    - target: {fileID: 2891587028918743604, guid: 08cb84dbbee80a14698c2b54aadc3d85,
        type: 3}
      propertyPath: m_Mesh
      value: 
      objectReference: {fileID: 0}
    - target: {fileID: 3073759036216254163, guid: 08cb84dbbee80a14698c2b54aadc3d85,
        type: 3}
      propertyPath: m_textInfo.characterCount
      value: 0
      objectReference: {fileID: 0}
    - target: {fileID: 3073759036216254163, guid: 08cb84dbbee80a14698c2b54aadc3d85,
        type: 3}
      propertyPath: m_textInfo.spaceCount
      value: 0
      objectReference: {fileID: 0}
    - target: {fileID: 3073759036216254163, guid: 08cb84dbbee80a14698c2b54aadc3d85,
        type: 3}
      propertyPath: m_textInfo.wordCount
      value: 0
      objectReference: {fileID: 0}
    - target: {fileID: 3073759036216254163, guid: 08cb84dbbee80a14698c2b54aadc3d85,
        type: 3}
      propertyPath: m_textInfo.lineCount
      value: 0
      objectReference: {fileID: 0}
    - target: {fileID: 3073759036216254163, guid: 08cb84dbbee80a14698c2b54aadc3d85,
        type: 3}
      propertyPath: m_textInfo.pageCount
      value: 0
      objectReference: {fileID: 0}
    - target: {fileID: 3084564134213185380, guid: 08cb84dbbee80a14698c2b54aadc3d85,
        type: 3}
      propertyPath: m_IsActive
      value: 0
      objectReference: {fileID: 0}
    - target: {fileID: 4833240543362055357, guid: 08cb84dbbee80a14698c2b54aadc3d85,
        type: 3}
      propertyPath: m_textInfo.characterCount
      value: 0
      objectReference: {fileID: 0}
    - target: {fileID: 4833240543362055357, guid: 08cb84dbbee80a14698c2b54aadc3d85,
        type: 3}
      propertyPath: m_textInfo.spaceCount
      value: 0
      objectReference: {fileID: 0}
    - target: {fileID: 4833240543362055357, guid: 08cb84dbbee80a14698c2b54aadc3d85,
        type: 3}
      propertyPath: m_textInfo.wordCount
      value: 0
      objectReference: {fileID: 0}
    - target: {fileID: 4833240543362055357, guid: 08cb84dbbee80a14698c2b54aadc3d85,
        type: 3}
      propertyPath: m_textInfo.lineCount
      value: 0
      objectReference: {fileID: 0}
    - target: {fileID: 4833240543362055357, guid: 08cb84dbbee80a14698c2b54aadc3d85,
        type: 3}
      propertyPath: m_textInfo.pageCount
      value: 0
      objectReference: {fileID: 0}
    - target: {fileID: 7278952603424491673, guid: 08cb84dbbee80a14698c2b54aadc3d85,
        type: 3}
      propertyPath: m_LocalPosition.x
      value: 0.11
      objectReference: {fileID: 0}
    - target: {fileID: 7278952603424491673, guid: 08cb84dbbee80a14698c2b54aadc3d85,
        type: 3}
      propertyPath: m_LocalPosition.z
      value: 0
      objectReference: {fileID: 0}
    - target: {fileID: 7278952603424491673, guid: 08cb84dbbee80a14698c2b54aadc3d85,
        type: 3}
      propertyPath: m_LocalPosition.y
      value: 0.1
      objectReference: {fileID: 0}
    - target: {fileID: 7369738575913388322, guid: 08cb84dbbee80a14698c2b54aadc3d85,
        type: 3}
      propertyPath: m_LocalPosition.x
      value: -0.45
      objectReference: {fileID: 0}
    - target: {fileID: 7369738575913388322, guid: 08cb84dbbee80a14698c2b54aadc3d85,
        type: 3}
      propertyPath: m_LocalPosition.z
      value: -0
      objectReference: {fileID: 0}
    - target: {fileID: 7369738575913388322, guid: 08cb84dbbee80a14698c2b54aadc3d85,
        type: 3}
      propertyPath: m_LocalPosition.y
      value: -0.45
      objectReference: {fileID: 0}
    - target: {fileID: 7382460758468305210, guid: 08cb84dbbee80a14698c2b54aadc3d85,
        type: 3}
      propertyPath: id
      value: 1
      objectReference: {fileID: 0}
    - target: {fileID: 7382460758468305211, guid: 08cb84dbbee80a14698c2b54aadc3d85,
        type: 3}
      propertyPath: m_LocalPosition.x
      value: 0.010000467
      objectReference: {fileID: 0}
    - target: {fileID: 7382460758468305211, guid: 08cb84dbbee80a14698c2b54aadc3d85,
        type: 3}
      propertyPath: m_LocalPosition.y
      value: 3.44
      objectReference: {fileID: 0}
    - target: {fileID: 7382460758468305211, guid: 08cb84dbbee80a14698c2b54aadc3d85,
        type: 3}
      propertyPath: m_LocalPosition.z
      value: 0.26000047
      objectReference: {fileID: 0}
    - target: {fileID: 7382460758468305211, guid: 08cb84dbbee80a14698c2b54aadc3d85,
        type: 3}
      propertyPath: m_LocalRotation.x
      value: -0
      objectReference: {fileID: 0}
    - target: {fileID: 7382460758468305211, guid: 08cb84dbbee80a14698c2b54aadc3d85,
        type: 3}
      propertyPath: m_LocalRotation.y
      value: -0.70299184
      objectReference: {fileID: 0}
    - target: {fileID: 7382460758468305211, guid: 08cb84dbbee80a14698c2b54aadc3d85,
        type: 3}
      propertyPath: m_LocalRotation.z
      value: -0
      objectReference: {fileID: 0}
    - target: {fileID: 7382460758468305211, guid: 08cb84dbbee80a14698c2b54aadc3d85,
        type: 3}
      propertyPath: m_LocalRotation.w
      value: 0.71119785
      objectReference: {fileID: 0}
    - target: {fileID: 7382460758468305211, guid: 08cb84dbbee80a14698c2b54aadc3d85,
        type: 3}
      propertyPath: m_RootOrder
      value: 1
      objectReference: {fileID: 0}
    - target: {fileID: 7382460758468305211, guid: 08cb84dbbee80a14698c2b54aadc3d85,
        type: 3}
      propertyPath: m_LocalEulerAnglesHint.x
      value: 0
      objectReference: {fileID: 0}
    - target: {fileID: 7382460758468305211, guid: 08cb84dbbee80a14698c2b54aadc3d85,
        type: 3}
      propertyPath: m_LocalEulerAnglesHint.y
      value: -89.33501
      objectReference: {fileID: 0}
    - target: {fileID: 7382460758468305211, guid: 08cb84dbbee80a14698c2b54aadc3d85,
        type: 3}
      propertyPath: m_LocalEulerAnglesHint.z
      value: 0
      objectReference: {fileID: 0}
    - target: {fileID: 7382460758468305213, guid: 08cb84dbbee80a14698c2b54aadc3d85,
        type: 3}
      propertyPath: m_Name
      value: BasicSpeaker
      objectReference: {fileID: 0}
    - target: {fileID: 9054356118905317774, guid: 08cb84dbbee80a14698c2b54aadc3d85,
        type: 3}
      propertyPath: m_Mesh
      value: 
      objectReference: {fileID: 0}
    m_RemovedComponents: []
  m_SourcePrefab: {fileID: 100100000, guid: 08cb84dbbee80a14698c2b54aadc3d85, type: 3}
--- !u!4 &4402541980350870629 stripped
Transform:
  m_CorrespondingSourceObject: {fileID: 7382460758468305211, guid: 08cb84dbbee80a14698c2b54aadc3d85,
    type: 3}
  m_PrefabInstance: {fileID: 6587425301013026142}
  m_PrefabAsset: {fileID: 0}
--- !u!1001 &6587425301323397008
PrefabInstance:
  m_ObjectHideFlags: 0
  serializedVersion: 2
  m_Modification:
    m_TransformParent: {fileID: 5210669433827131920}
    m_Modifications:
    - target: {fileID: -8679921383154817045, guid: da792928875ab8b4eb773cf0e14123f3,
        type: 3}
      propertyPath: m_LocalPosition.x
      value: 0
      objectReference: {fileID: 0}
    - target: {fileID: -8679921383154817045, guid: da792928875ab8b4eb773cf0e14123f3,
        type: 3}
      propertyPath: m_LocalPosition.y
      value: -0.144
      objectReference: {fileID: 0}
    - target: {fileID: -8679921383154817045, guid: da792928875ab8b4eb773cf0e14123f3,
        type: 3}
      propertyPath: m_LocalPosition.z
      value: -0.166
      objectReference: {fileID: 0}
    - target: {fileID: -8679921383154817045, guid: da792928875ab8b4eb773cf0e14123f3,
        type: 3}
      propertyPath: m_LocalRotation.x
      value: 0.06866907
      objectReference: {fileID: 0}
    - target: {fileID: -8679921383154817045, guid: da792928875ab8b4eb773cf0e14123f3,
        type: 3}
      propertyPath: m_LocalRotation.y
      value: -0.006741182
      objectReference: {fileID: 0}
    - target: {fileID: -8679921383154817045, guid: da792928875ab8b4eb773cf0e14123f3,
        type: 3}
      propertyPath: m_LocalRotation.z
      value: -0.028828094
      objectReference: {fileID: 0}
    - target: {fileID: -8679921383154817045, guid: da792928875ab8b4eb773cf0e14123f3,
        type: 3}
      propertyPath: m_LocalRotation.w
      value: 0.9972002
      objectReference: {fileID: 0}
    - target: {fileID: -8679921383154817045, guid: da792928875ab8b4eb773cf0e14123f3,
        type: 3}
      propertyPath: m_RootOrder
      value: 3
      objectReference: {fileID: 0}
    - target: {fileID: -8679921383154817045, guid: da792928875ab8b4eb773cf0e14123f3,
        type: 3}
      propertyPath: m_LocalEulerAnglesHint.x
      value: 0
      objectReference: {fileID: 0}
    - target: {fileID: -8679921383154817045, guid: da792928875ab8b4eb773cf0e14123f3,
        type: 3}
      propertyPath: m_LocalEulerAnglesHint.y
      value: 0
      objectReference: {fileID: 0}
    - target: {fileID: -8679921383154817045, guid: da792928875ab8b4eb773cf0e14123f3,
        type: 3}
      propertyPath: m_LocalEulerAnglesHint.z
      value: 0
      objectReference: {fileID: 0}
    - target: {fileID: -7511558181221131132, guid: da792928875ab8b4eb773cf0e14123f3,
        type: 3}
      propertyPath: m_Materials.Array.data[0]
      value: 
      objectReference: {fileID: 2100000, guid: ff5bd3611bce02447a562b32d94a15a3, type: 2}
    - target: {fileID: 919132149155446097, guid: da792928875ab8b4eb773cf0e14123f3,
        type: 3}
      propertyPath: m_Name
      value: Sac
      objectReference: {fileID: 0}
    m_RemovedComponents: []
  m_SourcePrefab: {fileID: 100100000, guid: da792928875ab8b4eb773cf0e14123f3, type: 3}
--- !u!4 &6692776848963686523 stripped
Transform:
  m_CorrespondingSourceObject: {fileID: -8679921383154817045, guid: da792928875ab8b4eb773cf0e14123f3,
    type: 3}
  m_PrefabInstance: {fileID: 6587425301323397008}
  m_PrefabAsset: {fileID: 0}
