%YAML 1.1
%TAG !u! tag:unity3d.com,2011:
--- !u!1 &1602016025
GameObject:
  m_ObjectHideFlags: 0
  m_CorrespondingSourceObject: {fileID: 0}
  m_PrefabInstance: {fileID: 0}
  m_PrefabAsset: {fileID: 0}
  serializedVersion: 6
  m_Component:
  - component: {fileID: 1602016026}
  - component: {fileID: 1602016027}
  m_Layer: 0
  m_Name: Target
  m_TagString: Untagged
  m_Icon: {fileID: 7174288486110832750, guid: 0000000000000000d000000000000000, type: 0}
  m_NavMeshLayer: 0
  m_StaticEditorFlags: 0
  m_IsActive: 1
--- !u!4 &1602016026
Transform:
  m_ObjectHideFlags: 0
  m_CorrespondingSourceObject: {fileID: 0}
  m_PrefabInstance: {fileID: 0}
  m_PrefabAsset: {fileID: 0}
  m_GameObject: {fileID: 1602016025}
  m_LocalRotation: {x: -0.000000021855694, y: -1.9718614e-17, z: -9.0221863e-10, w: 1}
  m_LocalPosition: {x: 1.09, y: 0.1, z: -0.5}
  m_LocalScale: {x: 1, y: 1, z: 1}
  m_Children: []
  m_Father: {fileID: 8861098143908491953}
  m_RootOrder: 2
  m_LocalEulerAnglesHint: {x: 0, y: 0, z: 0}
--- !u!114 &1602016027
MonoBehaviour:
  m_ObjectHideFlags: 0
  m_CorrespondingSourceObject: {fileID: 0}
  m_PrefabInstance: {fileID: 0}
  m_PrefabAsset: {fileID: 0}
  m_GameObject: {fileID: 1602016025}
  m_Enabled: 1
  m_EditorHideFlags: 0
  m_Script: {fileID: 11500000, guid: 8daacc1b5acb12046a17e11cd4f9848d, type: 3}
  m_Name: 
  m_EditorClassIdentifier: 
--- !u!136 &1182530408
CapsuleCollider:
  m_ObjectHideFlags: 0
  m_CorrespondingSourceObject: {fileID: 0}
  m_PrefabInstance: {fileID: 0}
  m_PrefabAsset: {fileID: 0}
  m_GameObject: {fileID: 1786941396515135020}
  m_Material: {fileID: 0}
  m_IsTrigger: 0
  m_Enabled: 1
  m_Radius: 0.5
  m_Height: 1.8506644
  m_Direction: 1
  m_Center: {x: -2.2163216e-15, y: 0.42533207, z: -5.0967264e-16}
--- !u!114 &1182530407
MonoBehaviour:
  m_ObjectHideFlags: 0
  m_CorrespondingSourceObject: {fileID: 0}
  m_PrefabInstance: {fileID: 0}
  m_PrefabAsset: {fileID: 0}
  m_GameObject: {fileID: 1786941396515135020}
  m_Enabled: 1
  m_EditorHideFlags: 0
  m_Script: {fileID: 11500000, guid: de08f24d811c45f4a9ba6c79136098e2, type: 3}
  m_Name: 
  m_EditorClassIdentifier: 
  Doc:
  - conditionals: 
    dialogueBlueprint: {fileID: 11400000, guid: 82a064c68683c184685811caac601336,
      type: 2}
  - conditionals: 02000000
    dialogueBlueprint: {fileID: 11400000, guid: bf939df12d8afe74aaa2de8446aeacce,
      type: 2}
--- !u!114 &1182530409
MonoBehaviour:
  m_ObjectHideFlags: 0
  m_CorrespondingSourceObject: {fileID: 0}
  m_PrefabInstance: {fileID: 0}
  m_PrefabAsset: {fileID: 0}
  m_GameObject: {fileID: 1786941396515135020}
  m_Enabled: 1
  m_EditorHideFlags: 0
  m_Script: {fileID: 11500000, guid: bd88f2af191810845a04d5769b7489d2, type: 3}
  m_Name: 
  m_EditorClassIdentifier: 
  activeDistance: 2
  ConditionsAndFunctionsList:
  - Conditionals: 
    Event:
      m_PersistentCalls:
        m_Calls:
        - m_Target: {fileID: 1182530407}
          m_MethodName: PlayDialogue
          m_Mode: 1
          m_Arguments:
            m_ObjectArgument: {fileID: 0}
            m_ObjectArgumentAssemblyTypeName: UnityEngine.Object, UnityEngine
            m_IntArgument: 0
            m_FloatArgument: 0
            m_StringArgument: 
            m_BoolArgument: 0
          m_CallState: 2
        - m_Target: {fileID: 1182530410}
          m_MethodName: AddToConditionals
          m_Mode: 1
          m_Arguments:
            m_ObjectArgument: {fileID: 0}
            m_ObjectArgumentAssemblyTypeName: UnityEngine.Object, UnityEngine
            m_IntArgument: 0
            m_FloatArgument: 0
            m_StringArgument: 
            m_BoolArgument: 0
          m_CallState: 2
--- !u!114 &1182530410
MonoBehaviour:
  m_ObjectHideFlags: 0
  m_CorrespondingSourceObject: {fileID: 0}
  m_PrefabInstance: {fileID: 0}
  m_PrefabAsset: {fileID: 0}
  m_GameObject: {fileID: 1786941396515135020}
  m_Enabled: 1
  m_EditorHideFlags: 0
  m_Script: {fileID: 11500000, guid: 6188c9897d404aa43a76ea4cc1a1a54c, type: 3}
  m_Name: 
  m_EditorClassIdentifier: 
  ConditionalsToActivate: 02000000
  ItemSprites: []
--- !u!1001 &3894373930906326937
PrefabInstance:
  m_ObjectHideFlags: 0
  serializedVersion: 2
  m_Modification:
    m_TransformParent: {fileID: 8861098143908491953}
    m_Modifications:
    - target: {fileID: 676636779415597763, guid: 08cb84dbbee80a14698c2b54aadc3d85,
        type: 3}
      propertyPath: m_textInfo.characterCount
      value: 0
      objectReference: {fileID: 0}
    - target: {fileID: 676636779415597763, guid: 08cb84dbbee80a14698c2b54aadc3d85,
        type: 3}
      propertyPath: m_textInfo.spaceCount
      value: 0
      objectReference: {fileID: 0}
    - target: {fileID: 676636779415597763, guid: 08cb84dbbee80a14698c2b54aadc3d85,
        type: 3}
      propertyPath: m_textInfo.wordCount
      value: 0
      objectReference: {fileID: 0}
    - target: {fileID: 676636779415597763, guid: 08cb84dbbee80a14698c2b54aadc3d85,
        type: 3}
      propertyPath: m_textInfo.lineCount
      value: 0
      objectReference: {fileID: 0}
    - target: {fileID: 676636779415597763, guid: 08cb84dbbee80a14698c2b54aadc3d85,
        type: 3}
      propertyPath: m_textInfo.pageCount
      value: 0
      objectReference: {fileID: 0}
    - target: {fileID: 872575746767212146, guid: 08cb84dbbee80a14698c2b54aadc3d85,
        type: 3}
      propertyPath: m_Mesh
      value: 
      objectReference: {fileID: 0}
    - target: {fileID: 1166238285576539302, guid: 08cb84dbbee80a14698c2b54aadc3d85,
        type: 3}
      propertyPath: m_IsActive
      value: 0
      objectReference: {fileID: 0}
    - target: {fileID: 2579562174656762733, guid: 08cb84dbbee80a14698c2b54aadc3d85,
        type: 3}
      propertyPath: m_IsActive
      value: 0
      objectReference: {fileID: 0}
    - target: {fileID: 2673646777567949904, guid: 08cb84dbbee80a14698c2b54aadc3d85,
        type: 3}
      propertyPath: m_LocalPosition.x
      value: -0.16
      objectReference: {fileID: 0}
    - target: {fileID: 2673646777567949904, guid: 08cb84dbbee80a14698c2b54aadc3d85,
        type: 3}
      propertyPath: m_LocalPosition.y
      value: -0.07
      objectReference: {fileID: 0}
    - target: {fileID: 2673646777567949904, guid: 08cb84dbbee80a14698c2b54aadc3d85,
        type: 3}
      propertyPath: m_LocalPosition.z
      value: -0
      objectReference: {fileID: 0}
    - target: {fileID: 2891587028918743604, guid: 08cb84dbbee80a14698c2b54aadc3d85,
        type: 3}
      propertyPath: m_Mesh
      value: 
      objectReference: {fileID: 0}
    - target: {fileID: 3073759036216254163, guid: 08cb84dbbee80a14698c2b54aadc3d85,
        type: 3}
      propertyPath: m_textInfo.characterCount
      value: 0
      objectReference: {fileID: 0}
    - target: {fileID: 3073759036216254163, guid: 08cb84dbbee80a14698c2b54aadc3d85,
        type: 3}
      propertyPath: m_textInfo.spaceCount
      value: 0
      objectReference: {fileID: 0}
    - target: {fileID: 3073759036216254163, guid: 08cb84dbbee80a14698c2b54aadc3d85,
        type: 3}
      propertyPath: m_textInfo.wordCount
      value: 0
      objectReference: {fileID: 0}
    - target: {fileID: 3073759036216254163, guid: 08cb84dbbee80a14698c2b54aadc3d85,
        type: 3}
      propertyPath: m_textInfo.lineCount
      value: 0
      objectReference: {fileID: 0}
    - target: {fileID: 3073759036216254163, guid: 08cb84dbbee80a14698c2b54aadc3d85,
        type: 3}
      propertyPath: m_textInfo.pageCount
      value: 0
      objectReference: {fileID: 0}
    - target: {fileID: 3084564134213185380, guid: 08cb84dbbee80a14698c2b54aadc3d85,
        type: 3}
      propertyPath: m_IsActive
      value: 0
      objectReference: {fileID: 0}
    - target: {fileID: 4833240543362055357, guid: 08cb84dbbee80a14698c2b54aadc3d85,
        type: 3}
      propertyPath: m_textInfo.characterCount
      value: 0
      objectReference: {fileID: 0}
    - target: {fileID: 4833240543362055357, guid: 08cb84dbbee80a14698c2b54aadc3d85,
        type: 3}
      propertyPath: m_textInfo.spaceCount
      value: 0
      objectReference: {fileID: 0}
    - target: {fileID: 4833240543362055357, guid: 08cb84dbbee80a14698c2b54aadc3d85,
        type: 3}
      propertyPath: m_textInfo.wordCount
      value: 0
      objectReference: {fileID: 0}
    - target: {fileID: 4833240543362055357, guid: 08cb84dbbee80a14698c2b54aadc3d85,
        type: 3}
      propertyPath: m_textInfo.lineCount
      value: 0
      objectReference: {fileID: 0}
    - target: {fileID: 4833240543362055357, guid: 08cb84dbbee80a14698c2b54aadc3d85,
        type: 3}
      propertyPath: m_textInfo.pageCount
      value: 0
      objectReference: {fileID: 0}
    - target: {fileID: 7278952603424491673, guid: 08cb84dbbee80a14698c2b54aadc3d85,
        type: 3}
      propertyPath: m_LocalPosition.x
      value: 0.24
      objectReference: {fileID: 0}
    - target: {fileID: 7278952603424491673, guid: 08cb84dbbee80a14698c2b54aadc3d85,
        type: 3}
      propertyPath: m_LocalPosition.z
      value: -0
      objectReference: {fileID: 0}
    - target: {fileID: 7278952603424491673, guid: 08cb84dbbee80a14698c2b54aadc3d85,
        type: 3}
      propertyPath: m_LocalPosition.y
      value: 0.29
      objectReference: {fileID: 0}
    - target: {fileID: 7369738575913388322, guid: 08cb84dbbee80a14698c2b54aadc3d85,
        type: 3}
      propertyPath: m_LocalPosition.y
      value: -0.41
      objectReference: {fileID: 0}
    - target: {fileID: 7369738575913388322, guid: 08cb84dbbee80a14698c2b54aadc3d85,
        type: 3}
      propertyPath: m_LocalPosition.z
      value: -0
      objectReference: {fileID: 0}
    - target: {fileID: 7369738575913388322, guid: 08cb84dbbee80a14698c2b54aadc3d85,
        type: 3}
      propertyPath: m_LocalPosition.x
      value: -0.31
      objectReference: {fileID: 0}
    - target: {fileID: 7382460758468305210, guid: 08cb84dbbee80a14698c2b54aadc3d85,
        type: 3}
      propertyPath: DefaultCharacterFont
      value: 
      objectReference: {fileID: 11400000, guid: 8f586378b4e144a9851e7b34d9b748ee,
        type: 2}
    - target: {fileID: 7382460758468305211, guid: 08cb84dbbee80a14698c2b54aadc3d85,
        type: 3}
      propertyPath: m_LocalPosition.x
      value: -0
      objectReference: {fileID: 0}
    - target: {fileID: 7382460758468305211, guid: 08cb84dbbee80a14698c2b54aadc3d85,
        type: 3}
      propertyPath: m_LocalPosition.y
      value: 2.76
      objectReference: {fileID: 0}
    - target: {fileID: 7382460758468305211, guid: 08cb84dbbee80a14698c2b54aadc3d85,
        type: 3}
      propertyPath: m_LocalPosition.z
      value: 0
      objectReference: {fileID: 0}
    - target: {fileID: 7382460758468305211, guid: 08cb84dbbee80a14698c2b54aadc3d85,
        type: 3}
      propertyPath: m_LocalRotation.x
      value: -1.7763566e-15
      objectReference: {fileID: 0}
    - target: {fileID: 7382460758468305211, guid: 08cb84dbbee80a14698c2b54aadc3d85,
        type: 3}
      propertyPath: m_LocalRotation.y
      value: -0.72261906
      objectReference: {fileID: 0}
    - target: {fileID: 7382460758468305211, guid: 08cb84dbbee80a14698c2b54aadc3d85,
        type: 3}
      propertyPath: m_LocalRotation.z
      value: -3.5527133e-15
      objectReference: {fileID: 0}
    - target: {fileID: 7382460758468305211, guid: 08cb84dbbee80a14698c2b54aadc3d85,
        type: 3}
      propertyPath: m_LocalRotation.w
      value: 0.6912466
      objectReference: {fileID: 0}
    - target: {fileID: 7382460758468305211, guid: 08cb84dbbee80a14698c2b54aadc3d85,
        type: 3}
      propertyPath: m_RootOrder
      value: 1
      objectReference: {fileID: 0}
    - target: {fileID: 7382460758468305211, guid: 08cb84dbbee80a14698c2b54aadc3d85,
        type: 3}
      propertyPath: m_LocalEulerAnglesHint.x
      value: 0
      objectReference: {fileID: 0}
    - target: {fileID: 7382460758468305211, guid: 08cb84dbbee80a14698c2b54aadc3d85,
        type: 3}
      propertyPath: m_LocalEulerAnglesHint.y
      value: -92.54201
      objectReference: {fileID: 0}
    - target: {fileID: 7382460758468305211, guid: 08cb84dbbee80a14698c2b54aadc3d85,
        type: 3}
      propertyPath: m_LocalEulerAnglesHint.z
      value: 0
      objectReference: {fileID: 0}
    - target: {fileID: 7382460758468305213, guid: 08cb84dbbee80a14698c2b54aadc3d85,
        type: 3}
      propertyPath: m_Name
      value: BasicSpeaker
      objectReference: {fileID: 0}
    - target: {fileID: 9054356118905317774, guid: 08cb84dbbee80a14698c2b54aadc3d85,
        type: 3}
      propertyPath: m_Mesh
      value: 
      objectReference: {fileID: 0}
    m_RemovedComponents: []
  m_SourcePrefab: {fileID: 100100000, guid: 08cb84dbbee80a14698c2b54aadc3d85, type: 3}
--- !u!1001 &7451057542265133133
PrefabInstance:
  m_ObjectHideFlags: 0
  serializedVersion: 2
  m_Modification:
    m_TransformParent: {fileID: 0}
    m_Modifications:
    - target: {fileID: 2134574879586691836, guid: eb29beb165484f74d88328b89acfe97f,
        type: 3}
      propertyPath: m_LocalPosition.x
      value: -1.021
      objectReference: {fileID: 0}
    - target: {fileID: 2134574879586691836, guid: eb29beb165484f74d88328b89acfe97f,
        type: 3}
      propertyPath: m_LocalPosition.y
      value: 0.26
      objectReference: {fileID: 0}
    - target: {fileID: 2134574879586691836, guid: eb29beb165484f74d88328b89acfe97f,
        type: 3}
      propertyPath: m_LocalPosition.z
      value: -2.58
      objectReference: {fileID: 0}
    - target: {fileID: 2134574879586691836, guid: eb29beb165484f74d88328b89acfe97f,
        type: 3}
      propertyPath: m_LocalRotation.x
      value: 0.000000021855694
      objectReference: {fileID: 0}
    - target: {fileID: 2134574879586691836, guid: eb29beb165484f74d88328b89acfe97f,
        type: 3}
      propertyPath: m_LocalRotation.y
      value: -0
      objectReference: {fileID: 0}
    - target: {fileID: 2134574879586691836, guid: eb29beb165484f74d88328b89acfe97f,
        type: 3}
      propertyPath: m_LocalRotation.z
      value: -0
      objectReference: {fileID: 0}
    - target: {fileID: 2134574879586691836, guid: eb29beb165484f74d88328b89acfe97f,
        type: 3}
      propertyPath: m_LocalRotation.w
      value: 1
      objectReference: {fileID: 0}
    - target: {fileID: 2134574879586691836, guid: eb29beb165484f74d88328b89acfe97f,
        type: 3}
      propertyPath: m_RootOrder
      value: 0
      objectReference: {fileID: 0}
    - target: {fileID: 2134574879586691836, guid: eb29beb165484f74d88328b89acfe97f,
        type: 3}
      propertyPath: m_LocalEulerAnglesHint.x
      value: 0
      objectReference: {fileID: 0}
    - target: {fileID: 2134574879586691836, guid: eb29beb165484f74d88328b89acfe97f,
        type: 3}
      propertyPath: m_LocalEulerAnglesHint.y
      value: 0
      objectReference: {fileID: 0}
    - target: {fileID: 2134574879586691836, guid: eb29beb165484f74d88328b89acfe97f,
        type: 3}
      propertyPath: m_LocalEulerAnglesHint.z
      value: 0
      objectReference: {fileID: 0}
    - target: {fileID: 9199452028014478945, guid: eb29beb165484f74d88328b89acfe97f,
        type: 3}
      propertyPath: m_Name
      value: TournesolCharacter
      objectReference: {fileID: 0}
    m_RemovedComponents: []
  m_SourcePrefab: {fileID: 100100000, guid: eb29beb165484f74d88328b89acfe97f, type: 3}
--- !u!1 &1786941396515135020 stripped
GameObject:
  m_CorrespondingSourceObject: {fileID: 9199452028014478945, guid: eb29beb165484f74d88328b89acfe97f,
    type: 3}
  m_PrefabInstance: {fileID: 7451057542265133133}
  m_PrefabAsset: {fileID: 0}
--- !u!4 &8861098143908491953 stripped
Transform:
  m_CorrespondingSourceObject: {fileID: 2134574879586691836, guid: eb29beb165484f74d88328b89acfe97f,
    type: 3}
  m_PrefabInstance: {fileID: 7451057542265133133}
  m_PrefabAsset: {fileID: 0}
